2090 3320
979 193 1098 259 -.64

996 603 1166 661 Vita.

387 790 389 792 ,
461 742 608 785 Natus
641 755 743 785 sum
776 742 1047 785 Theodorus
1082 742 1251 798 Grigull
1293 742 1334 784 in
1378 743 1483 785 vico
1524 754 1667 799 prope
1701 742 1831 787 Colo-

317 812 437 857 niam
471 812 574 865 sito,
613 813 684 857 cui
724 825 889 856 nomen
931 815 1003 856 est
1042 810 1228 869 NippeS,
1276 811 1417 869 pridie
1460 811 1621 856 Nonas
1653 811 1830 872 januar.

317 883 423 927 anni
455 883 563 927 1883
595 886 724 939 patre
747 882 1002 933 Theodoro,
1037 885 1183 926 matre
1207 882 1341 926 Anna
1374 895 1399 926 e
1423 886 1559 939 gente
1584 882 1830 941 Goehring,

318 967 434 1010 quos
466 951 745 1010 superstites
783 965 892 996 esse
930 965 1222 1009 summopere
1262 952 1455 1010 gaudeo,
1498 952 1830 1010 evangelicam·

318 1037 406 1080 que
438 1036 609 1080 sequor
642 1021 901 1066 ecclesiam.
957 1022 1221 1066 Primordiis
1254 1023 1504 1066 litterarum
1528 1023 1728 1067 imbutus
1750 1038 1833 1081 per

318 1093 663 1151 quadriennium
721 1092 763 1136 in
818 1093 923 1136 ludo
982 1092 1274 1137 elementario
1326 1092 1582 1137 Vesaliensi
1637 1093 1829 1151 primum

319 1164 480 1208 eodem
530 1165 571 1207 in
621 1162 787 1220 oppido
837 1175 918 1219 per
965 1175 1050 1206 sex
1098 1176 1248 1207 annos
1296 1163 1593 1220 Gymnasium
1643 1164 1830 1222 Regium

317 1234 615 1291 frequentavi,
649 1233 812 1277 deinde
846 1247 926 1290 per
957 1238 1052 1277 tres
1084 1246 1233 1277 annos
1266 1232 1831 1289 Gymnasium-‘Senatori-

320 1318 394 1348 um
419 1304 829 1361 Osnabruggense,
865 1302 938 1347 ubi
971 1316 1077 1347 vere
1100 1302 1204 1346 anni
1228 1303 1335 1347 1902
1363 1303 1669 1347 maturitatem
1693 1304 1829 1360 adep-

320 1380 396 1419 tus
446 1374 724 1419 Monasterio
771 1387 853 1430 per
898 1372 1241 1430 quadriennium
1286 1373 1569 1432 philologieis
1614 1373 1830 1431 imprimis

320 1445 483 1489 studiis
517 1459 589 1489 me
629 1445 790 1489 dedidi.
855 1445 942 1489 Per
980 1445 1050 1489 bis
1088 1457 1232 1489 senos
1270 1458 1458 1489 menses
1499 1444 1606 1503 regii
1646 1445 1830 1501 philolo-

319 1528 479 1572 gorum
512 1514 743 1559 seminarii
777 1514 1183 1567 extraordinarius,
1230 1528 1312 1571 per
1350 1514 1467 1559 idem
1500 1518 1682 1572 tempus
1715 1514 1829 1559 ordi-

321 1585 478 1629 narius
522 1586 584 1629 lui
633 1584 821 1629 sodalis.
886 1584 920 1627 Ε
963 1597 1152 1628 numero
1202 1584 1398 1628 virorum
1446 1585 1829 1638 doctissimorum,

321 1656 393 1711 qui
428 1670 498 1699 me
532 1656 799 1707 docuerunt,
839 1655 1145 1711 Sonnenburg
1186 1654 1358 1698 Hosius
1401 1655 1528 1699 Stahl
1562 1655 1828 1712 Streitberg,

320 1725 485 1782 quibus
517 1725 573 1769 de
605 1724 768 1769 studiis
801 1724 914 1768 meis
948 1723 1229 1781 philologieis
1274 1724 1441 1781 optime
1482 1724 1653 1769 meritis
1692 1737 1828 1781 quam

321 1796 545 1838 maximas
578 1807 665 1851 ago
699 1795 885 1851 gratias,
920 1794 1023 1836 mihi
1058 1793 1234 1837 dicendi
1259 1797 1381 1837 sunt.
1430 1794 1632 1837 Examen
1661 1793 1829 1850 rigoro·

321 1877 422 1908 sum
456 1864 651 1910 sustinui
685 1878 725 1908 a.
760 1864 800 1907 d.
834 1863 880 1907 V.
916 1863 1012 1911 Kal.
1048 1863 1123 1921 Jul.
1157 1862 1262 1907 anni
1297 1864 1433 1907 1907..
