2090 3320
945 192 995 235 11

216 332 301 373 est.
353 324 525 374 Tamen
574 330 678 374 nihil
727 331 966 383 habemuS,
1014 343 1104 387 quo
1144 327 1475 374 concludamus
1516 326 1721 371 Tacitum

215 400 314 444 eius
346 400 531 457 scriptis
564 414 696 444 usum
731 415 838 445 esse
872 401 931 454 (id
957 401 1076 457 quod
1106 399 1358 445 Suetonius
1390 398 1528 451 tecit).
1585 398 1721 442 lmmo

215 482 270 513 eo
303 471 418 523 loco,
464 483 553 526 quo
593 472 780 515 occasio
820 471 931 515 data
970 475 1068 515 erat
1109 471 1281 516 Claudii
1322 468 1563 525 scriptoris
1601 481 1720 512 com·

215 540 508 592 memorandi,
556 540 761 584 Tacitum
800 541 996 585 breviter
1039 555 1132 585 rem
1175 541 1231 585 ibi
1278 540 1556 583 narrandam
1592 552 1720 595 prae-

215 610 381 654 terisse
415 611 519 663 (lud.
554 613 725 655 saecul.
760 612 863 655 Tac.
899 612 954 655 Xl
992 613 1021 655 11
1049 615 1093 656 et
1126 612 1253 656 Suet.
1290 611 1446 655 Claud.
1481 610 1545 662 21)
1579 623 1721 666 supra

215 679 422 723 diximus.
487 680 658 724 Claudii
692 682 825 738 igitur
862 682 1101 738 scriptoris
1134 682 1176 724 in
1218 680 1527 736 disputatione
1561 683 1721 722 nostra

215 751 330 794 ratio
364 764 453 804 non
486 751 662 794 videtur
685 753 895 796 habenda
929 756 1036 805 (uno
1071 755 1266 808 excepto
1299 754 1414 803 loco,
1449 751 1506 793 cf.
1542 761 1644 806 pag.
1663 751 1720 793 29

216 820 272 862 ad
306 818 361 862 ΧΙ
385 820 454 875 14.)

425 925 518 982 De
558 928 1068 984 commentariis
1110 927 1510 994 Agrippinae

216 1015 334 1074 apud
367 1014 570 1060 Tacitum
605 1015 676 1071 (lV
696 1016 752 1061 53
785 1019 917 1071 extr.)
950 1017 1067 1061 haec
1101 1020 1225 1061 sunt:
1264 1016 1306 1060 ld
1331 1028 1416 1074 ego
1436 1029 1462 1060 a
1487 1018 1715 1074 scriptori·

214 1088 300 1129 bus
348 1087 574 1129 annalium
624 1100 711 1129 non
761 1088 988 1139 traditum,
1052 1089 1231 1143 repperi
1285 1088 1327 1129 in
1377 1090 1718 1131 commentariis

215 1155 490 1214 Agrippinae
531 1156 664 1210 filiae,
713 1170 829 1214 quae
879 1156 1076 1202 Neronis
1125 1157 1341 1215 principis
1389 1161 1536 1201 mater
1582 1158 1717 1203 vitam

213 1241 345 1270 suam
414 1232 459 1270 et
527 1241 668 1270 casus
737 1241 925 1270 suorum
996 1229 1195 1284 posteris
1259 1229 1537 1271 memoravit.
1621 1231 1720 1273 Hoc

214 1297 490 1355 Agrippinae
535 1298 646 1341 libro
691 1298 761 1340 illo
806 1302 1013 1354 tempore
1057 1299 1318 1354 complures
1357 1299 1610 1355 scriptores
1650 1299 1718 1343 usi

213 1371 335 1418 sunt,
369 1368 487 1422 quod
522 1380 578 1409 ex
612 1367 751 1410 Plinio
791 1368 1112 1423 comperimus,
1160 1368 1232 1423 qui
1272 1381 1373 1411 eum
1415 1369 1455 1411 in
1492 1368 1574 1412 Vll.
1608 1370 1719 1412 libro

214 1436 314 1480 Nat.
349 1437 451 1479 hist.
485 1440 509 1492 §
543 1438 598 1479 46
632 1437 845 1481 nominat.
913 1437 1004 1481 Sed
1053 1437 1239 1481 Tacitus
1280 1439 1400 1481 hunc
1447 1438 1607 1482 librum
1656 1438 1716 1481 ita

213 1511 554 1558 commemorat,
589 1510 635 1549 ut
659 1507 885 1562 quomodo
910 1510 954 1550 et
978 1511 1205 1562 quatenus
1229 1520 1344 1550 usus
1367 1507 1438 1559 sit,
1473 1512 1718 1563 appareat:

215 1577 348 1626 Quod
388 1577 505 1621 enim
545 1577 665 1633 apud
704 1581 888 1621 ceteros
936 1581 1153 1621 auctores
1193 1578 1393 1633 reperire
1433 1590 1522 1621 non
1563 1578 1719 1634 potuit,

213 1648 254 1691 id
288 1648 469 1691 demum
503 1652 737 1704 postremo
776 1648 896 1704 apud
931 1648 1225 1704 Agrippinam
1267 1648 1502 1703 quaesivit.
1565 1648 1719 1693 Simile

213 1718 376 1774 aliquid
410 1731 465 1762 ex
500 1719 647 1761 annal.
683 1718 785 1761 1113
818 1719 1162 1775 cognoscimus:
1218 1731 1307 1761 non
1347 1718 1468 1774 apud
1501 1722 1719 1763 auctores

213 1801 378 1840 rerum,
403 1801 492 1831 non
517 1788 676 1831 diurna
706 1791 911 1831 actorum
935 1788 1166 1844 scriptura
1189 1788 1382 1844 reperio.
1409 1815 1461 1819 —
1488 1789 1718 1832 Mulierem

213 1862 340 1902 tanta
373 1858 651 1915 impotentia,
685 1871 774 1915 qua
807 1862 906 1903 erat
946 1862 1093 1902 mater
1127 1857 1338 1910 Neronis,
1372 1860 1458 1902 hos
1491 1871 1718 1902 commen·

212 1930 356 1973 tarios
389 1934 516 1973 certo
550 1930 739 1973 consilio
763 1930 1026 1986 scripsisse,
1062 1942 1195 1973 nemo
1229 1934 1315 1982 est,
1349 1930 1454 1986 quin
1480 1930 1719 1987 concedat.

212 2000 346 2048 Quod
380 2001 561 2056 adepta,
607 2000 678 2043 ubi
718 2001 818 2056 ipsa
858 2013 972 2043 uxor
1005 1999 1293 2056 imperatoris
1331 2000 1542 2055 filiusque
1581 2001 1720 2043 heres

214 2070 386 2126 imperii
421 2070 580 2122 evasit,
628 2070 765 2113 finem
799 2070 1232 2113 commentariorum
1264 2083 1370 2113 eam
1402 2069 1575 2113 fecisse
1622 2082 1719 2112 creae

214 2140 345 2184 dibile
379 2144 464 2192 est,
500 2144 547 2184 ut
578 2140 770 2197 vestigia
794 2140 928 2183 huius
951 2140 1093 2184 fontis
1125 2139 1167 2183 in
1191 2139 1262 2183 Xl.
1288 2139 1574 2196 potissimum
1608 2139 1719 2183 libro

215 2211 515 2267 reperiamus.

418 2315 511 2372 De
551 2315 1063 2372 commentariis
1104 2313 1505 2371 Corbulonis

213 2402 316 2446 nihil
349 2404 448 2446 fere
482 2402 721 2446 dicendum
755 2405 842 2456 est,
882 2405 1124 2458 postquam
1162 2402 1413 2445 Mommsen
1428 2404 1457 2454 1)
1492 2404 1717 2445 monstra‘

212 2472 271 2514 vit
304 2473 403 2515 illos
436 2472 806 2524 commentarios,
841 2472 1005 2527 quibus
1038 2472 1225 2515 Tacitus
1252 2485 1304 2514 se
1328 2485 1462 2514 usum
1487 2484 1595 2514 esse
1620 2470 1719 2527 ipse

212 2542 298 2585 alio
333 2543 432 2585 loco
476 2543 571 2595 (XV
606 2543 669 2595 16)
710 2542 961 2598 profitetur,
1005 2541 1108 2585 nihil
1148 2555 1255 2586 esse
1297 2541 1380 2584 nisi
1421 2541 1668 2585 relationes
1686 2543 1718 2592 2)

357 2635 384 2679 ¹)
413 2636 476 2680 M.‚
504 2635 572 2671 das
599 2636 811 2671 Verhiiltnis
837 2636 906 2671 des
932 2636 1017 2671 Tac.
1045 2646 1089 2670 zu
1116 2636 1190 2670 den
1217 2635 1472 2671 Senatsacten.
1506 2634 1597 2669 Acta
1625 2634 1721 2678 Reg.

210 2693 293 2729 Soc.
322 2693 443 2729 Berol.
472 2695 572 2730 1904.
600 2694 756 2729 XXXIX
783 2705 859 2740 pag
883 2695 915 2729 8.
944 2694 986 2739 ⁴).

355 2752 384 2798 2)
412 2752 527 2794 Quod
556 2764 599 2788 ea
626 2763 673 2788 ex
700 2764 738 2788 re
764 2753 1006 2797 concluditur,
1033 2753 1136 2798 quod
1158 2753 1258 2798 apud
1282 2751 1454 2795 Plinium,
1481 2751 1545 2797 qui
1570 2751 1627 2786 bis
1648 2751 1719 2786 hos

210 2812 503 2848 commentarios
529 2812 704 2858 inspexit,
736 2813 785 2849 Vl
820 2813 876 2857 23,
906 2812 928 2857 ἓ
955 2813 1002 2848 40
1039 2812 1155 2857 „situs
1188 2810 1324 2858 depicti
1358 2814 1393 2846 et
1425 2811 1513 2847 inde
1547 2811 1584 2856 (i.
1612 2821 1643 2846 3.
1671 2820 1718 2846 ex

211 2869 405 2914 Armenia>
434 2870 562 2904 missi“
589 2871 843 2906 nominantur.
