2090 3320
1007 206 1062 248 26

286 342 601 388 similitudinis.
673 342 805 401 Apud
861 343 1129 388 Suetonium
1184 346 1319 387 antea
1374 340 1678 387 narrationem
1738 342 1794 386 de

285 418 499 471 serpente
532 413 796 470 reperimus,
831 427 977 470 „quae
1001 414 1171 458 missos
1204 429 1231 458 a
1264 413 1525 466 Messalina,
1559 413 1631 470 qui
1655 412 1793 456 Nero-

286 499 387 528 nem
429 484 739 528 meridiantem
781 486 1134 541 strangularent,
1178 499 1203 528 e
1244 485 1424 542 pulvino
1463 497 1515 528 se
1559 484 1796 541 proferens

287 554 558 599 conterritos
592 554 877 612 refugavisse
911 554 1114 599 dicitur.“
1148 555 1306 612 Neque
1333 555 1518 599 Tacitus
1550 555 1669 597 hanc
1702 566 1795 596 rem

285 625 463 669 silentio
498 625 814 681 praetermisit,
849 626 931 669 sed
965 627 1086 669 nullo
1110 626 1248 669 verbo
1283 625 1515 669 interiecto
1539 626 1626 668 hoc
1649 617 1795 667 ‘modo

287 695 446 752 pergit:
494 695 866 752 Vulgabaturque
913 696 1118 739 adfuisse
1164 695 1262 739 eius
1310 694 1524 738 infantiae
1570 694 1796 737 dracones

287 766 327 808 in
362 765 545 808 modum
581 767 838 818 custodum,
871 767 1083 810 fabulosa
1117 770 1160 809 et
1183 765 1383 809 externis
1417 764 1645 807 miraculis
1678 762 1796 806 adsi·

286 835 452 878 milata.
516 835 735 892 Apertum
776 840 847 879 est
886 840 1120 879 auctorem
1159 835 1293 878 huius
1333 836 1527 879 fabellae
1568 834 1795 876 Neronem

285 907 475 948 alterum
516 906 756 949 Herculem
796 905 967 962 fingere
1011 904 1259 956 studuisse,
1306 905 1426 960 quod
1466 904 1553 947 iam
1592 902 1796 946 Tacitum

286 975 565 1019 intellexisse
598 975 669 1019 his
702 974 800 1019 eius
833 975 983 1019 verbis
1016 978 1227 1032 apparet:
1273 975 1484 1018 fabulosa
1517 978 1561 1017 et
1594 972 1793 1017 externis

286 1046 515 1090 miraculis
549 1045 836 1090 adsimulata.
880 1073 935 1076 —
980 1046 1240 1103 Dissipatus
1273 1045 1404 1102 igitur
1435 1044 1507 1088 hic
1541 1057 1693 1088 rumor
1727 1046 1798 1086 est

287 1117 342 1159 ad
383 1117 611 1160 Neronem
651 1117 692 1159 in
731 1116 925 1160 sublime
966 1117 1226 1160 tollendum.
1292 1115 1463 1159 Deinde
1501 1114 1538 1158 si
1578 1114 1796 1171 scriptum

286 1187 478 1244 legimus
518 1187 813 1230 Messalinam
863 1186 904 1230 in
954 1187 1247 1244 Agrippinam
1288 1190 1332 1229 et
1369 1186 1577 1229 subolem
1626 1184 1795 1228 virilem

289 1256 544 1300 Germanici
598 1256 836 1308 saeviisse,
891 1256 979 1299 iam
1033 1255 1335 1313 intellegimus
1388 1257 1508 1298 hunc
1561 1246 1796 1298 auctorem

289 1326 566 1369 Messalinae
599 1326 795 1369 amicum
830 1327 916 1378 (vel
941 1326 1092 1382 potius
1116 1326 1328 1377 amicam)
1354 1338 1443 1368 non
1466 1325 1623 1375 fuisse,
1662 1323 1797 1366 immo

289 1395 545 1439 Germanici
594 1395 790 1438 familiae
845 1396 976 1439 valde
1023 1395 1209 1438 favisse.
1272 1395 1390 1438 Num
1444 1394 1664 1438 audacius
1717 1394 1799 1436 erit

288 1464 513 1523 suspicari
553 1465 674 1509 hunc
713 1466 885 1510 fontem
926 1464 1282 1510 commentarios
1314 1463 1589 1522 Agrippinae
1627 1463 1799 1507 fuisse?

288 1536 468 1578 Tacitus
512 1536 629 1578 illam
670 1536 725 1578 de
770 1540 984 1592 serpente
1026 1536 1330 1578 narrationem
1368 1535 1455 1578 alio
1489 1536 1589 1577 loco
1630 1533 1793 1589 posuit,

288 1620 343 1649 ac
376 1606 626 1650 Suetonius
660 1609 704 1649 et
738 1605 840 1650 Dio:
874 1606 1050 1650 scilicet
1083 1606 1153 1649 ille
1177 1605 1290 1662 ipsis
1313 1603 1651 1649 commentariis
1685 1617 1799 1647 usus

288 1681 373 1727 est,
408 1677 449 1718 hi
485 1689 564 1732 per
588 1676 791 1727 Plinium,
827 1676 946 1731 quod
982 1676 1150 1732 optime
1184 1689 1240 1718 ex
1270 1675 1412 1718 Dione
1446 1686 1797 1731 cognoscemus,

288 1747 360 1802 qui
416 1747 557 1789 relato
612 1746 684 1789 illo
741 1745 920 1789 Domitii
975 1746 1130 1802 patris,
1185 1746 1304 1802 quod
1358 1745 1476 1802 apud
1531 1743 1798 1788 Suetonium

288 1817 426 1869 (Nero
459 1817 503 1870 ὁ)
538 1818 596 1860 ad
629 1817 815 1860 verbum
860 1816 1072 1859 traditum
1108 1817 1359 1873 reperimus
1382 1816 1427 1872 l),
1467 1815 1583 1858 idem
1618 1814 1673 1857 de
1706 1826 1799 1857 ser-

288 1891 422 1943 pente
466 1888 602 1931 refert
645 1887 800 1939 (LX12
845 1891 980 1939 extr):
1034 1889 1196 1941 λεβηρὶς
1237 1889 1327 1940 περὶ
1369 1888 1438 1928 τὸν
1483 1888 1636 1940 αὐχένα
1654 1889 1686 1938 2)
1727 1890 1799 1925 τοῦ

287 1959 492 2012 Νέρωνος
537 1959 704 2000 παιδίου
758 1961 814 1999 ἔτ’
866 1961 984 2005 ὄντος
1030 1960 1256 2013 εὑρεθεῖσα.
1318 1956 1498 2000 Tacitus
1546 1955 1678 2013 igitur
1728 1953 1800 1997 hic

288 2028 565 2084 Agrippinae
599 2028 955 2072 commentarios
988 2028 1107 2071 adiit.
1720 2020 1723 2022 ’

432 2098 644 2142 Proximo
692 2099 840 2155 capite
889 2099 1124 2155 complura
1173 2097 1321 2141 edicta
1372 2097 1542 2141 Claudii
1592 2095 1800 2140 censoris

289 2170 483 2214 breviter
525 2173 859 2213 enumerantur.
925 2169 1055 2217 Quae
1095 2169 1283 2219 inerant,
1324 2169 1384 2211 ita
1422 2167 1617 2224 scriptor
1653 2165 1799 2217 tradit,

290 2244 337 2283 ut
370 2240 535 2283 credas
569 2243 673 2283 acta
707 2240 857 2296 populi
899 2244 943 2282 te
977 2240 1141 2296 legere,
1190 2251 1292 2281 cum
1333 2242 1488 2281 notum
1527 2238 1587 2281 sit
1624 2251 1678 2286 ea
1717 2237 1801 2280 illis

290 2310 572 2366 temporibus
607 2310 876 2353 brevissime
911 2322 1056 2352 novas
1096 2310 1223 2365 leges
1256 2309 1323 2351 vel
1358 2307 1505 2350 edicta
1538 2308 1606 2367 vel
1640 2307 1801 2350 similia

291 2379 521 2422 rettulisse
556 2379 779 2431 (dubitarii
804 2382 955 2422 autem
981 2391 1069 2421 non
1095 2381 1259 2434 potest,
1285 2377 1386 2433 quin
1414 2377 1629 2421 Claudius
1653 2376 1799 2420 edicta

437 2562 462 2605 ¹)
494 2561 566 2597 Dio
604 2561 679 2596 LXI
703 2562 743 2595 2:
788 2556 991 2597 ἀδύνατόν
1028 2556 1130 2596 ἔστιν
1170 2555 1300 2608 ἄνδρα
1343 2555 1427 2595 τινὰ
1470 2555 1632 2607 ἀγαθὸν
1673 2556 1719 2595 ἔκ
1762 2571 1802 2596 τε

289 2630 393 2682 ἐμοῦ
426 2629 494 2669 καὶ
518 2629 564 2668 ἐκ
595 2629 743 2681 ταύτης
774 2628 1018 2681 γεννηθῆναι
1030 2644 1041 2674 ,·
1083 2630 1183 2666 Suet.
1212 2630 1314 2665 Nero
1334 2630 1372 2665 6:
1401 2630 1501 2664 Niliil
1524 2641 1571 2665 ex
1592 2641 1632 2666 se
1655 2630 1802 2675 (Domi—

288 2698 356 2743 tio)
386 2700 421 2733 et
448 2697 654 2743 Agrippina
682 2697 753 2733 nisi
779 2697 1006 2733 detestabile
1041 2699 1076 2733 et
1110 2696 1210 2732 malo
1237 2695 1387 2742 publico
1421 2695 1521 2731 nasci
1549 2695 1730 2741 potuisse,
1759 2716 1800 2719 ——

290 2768 388 2802 quae
428 2767 499 2792 nos
538 2756 586 2791 de
627 2757 778 2792 duobus
819 2756 909 2792 locis
957 2756 1136 2791 Plinianis
1180 2755 1397 2797 admonent,
1443 2754 1505 2790 ubi
1545 2755 1648 2790 Nero
1683 2754 1802 2789 hostis

290 2816 440 2862 generis
468 2815 622 2850 humani
651 2815 812 2861 (V1146)
841 2817 877 2851 et
902 2825 1092 2851 venenum
1121 2814 1276 2850 alterum
1306 2813 1501 2859 (xxl192)
1530 2813 1755 2848 nominatur.

434 2882 462 2922 2)
491 2878 624 2931 αὐχήν
650 2897 695 2908 ἴ
723 2880 914 2916 cervicalia
942 2879 1059 2924 (Suet.
1088 2880 1191 2915 Nero
1217 2880 1267 2923 5).
