2090 3320
1023 193 1077 235 45

290 336 489 377 tractare
522 333 685 383 solere,
720 334 767 382 ut
799 334 964 375 senatu
998 330 1243 387 descripto,
1290 329 1332 373 in
1373 342 1461 385 quo
1501 330 1557 374 de
1597 330 1799 386 gerendo

292 404 408 448 bello
461 403 695 459 agebatur,
762 401 924 445 bellum
984 401 1145 458 ipsum,
1210 400 1439 458 quomodo
1492 403 1672 457 gestum
1726 400 1797 453 sit,

291 474 593 518 describatur.

432 543 563 591 Quae
597 542 821 599 capitibus
854 542 968 585 XlX.
1003 546 1047 585 et
1079 542 1481 605 XX.-referuntur,
1522 554 1616 585 rem
1651 541 1798 598 magis

291 613 580 670 perspicuam
627 613 833 664 reddunt,
883 625 1158 668 quamquam
1204 625 1261 655 ex
1305 611 1417 668 ipsis
1462 611 1602 655 Taciti
1648 612 1797 655 verbis

289 684 362 727 vix
409 683 731 741 comperimus,
780 682 853 726 ubi
898 683 1015 726 haec
1061 686 1166 727 acta
1210 682 1314 726 sint.
1379 682 1574 726 Primum
1623 682 1797 726 litteras

291 754 492 799 Eunonis
535 755 591 799 ad
627 753 862 800 Claudium
908 753 1079 798 missas
1122 753 1462 812 cognoscimus,
1511 767 1628 810 quas
1667 753 1705 797 is
1751 757 1798 798 ut

289 830 386 869 erat
419 826 740 882 imperatorum
774 825 1060 868 consuetudo
1094 824 1135 867 in
1169 828 1334 868 senatu
1374 824 1635 868 recitandas
1668 838 1796 868 cura-

288 896 360 939 vit.
415 895 541 939 Duae
574 896 798 939 factiones
833 895 888 939 de
922 908 1147 951 responso
1181 895 1367 951 agitant,
1402 895 1521 951 quod
1555 908 1613 939 ex
1647 895 1797 939 verbis

289 966 630 1017 „disserebatur
675 969 863 1009 contra“
912 965 1227 1009 concludimus
1251 968 1294 1018 1).
1362 965 1686 1021 Imperatorem
1733 966 1793 1022 ip-

288 1049 388 1079 sum
423 1035 778 1092 alloquuntur2):
825 1035 943 1083 Quin
983 1035 1134 1091 arripe
1174 1036 1326 1079 oblata
1366 1039 1412 1078 et
1449 1048 1584 1079 serva
1617 1036 1794 1079 exulem

289 1107 424 1163 (quae
456 1108 594 1151 verba
627 1107 807 1163 obliqua
840 1106 1045 1150 oratione
1078 1106 1276 1163 scriptor
1309 1106 1529 1161 inseruit).
1583 1106 1664 1150 l-lis
1698 1100 1794 1163 per-

287 1180 438 1219 motus
487 1177 665 1233 (horum
713 1175 942 1219 sententia
990 1176 1270 1231 permotus2)
1328 1176 1545 1219 Claudius
1593 1176 1796 1219 decernit

287 1260 652 1303 responsumque
702 1248 821 1303 (cum
876 1245 1080 1302 patribus
1099 1246 1135 1302 ἓ)
1190 1246 1509 1290 communicat.
1575 1246 1703 1290 l-laec
1752 1245 1804 1289 in'

287 1316 403 1358 actis
436 1320 627 1359 senatus
661 1329 763 1358 eum
798 1315 1000 1370 reperire
1034 1315 1241 1370 potuisse
1275 1319 1411 1370 atque
1436 1316 1712 1371 repperisse,
1748 1320 1795 1357 ut

286 1385 587 1442 suspicemur,
632 1399 734 1429 cum
778 1384 877 1428 aliis
919 1388 1013 1428 tum
1060 1398 1114 1429 ea
1160 1398 1207 1428 re
1253 1384 1532 1437 adducimur,
1579 1385 1697 1441 quod
1739 1399 1796 1429 ex

286 1455 372 1498 alio
412 1456 521 1500 libro
569 1459 753 1512 sumpta
796 1458 869 1498 est
915 1468 1032 1511 quae
1077 1455 1283 1511 sequitur
1322 1455 1536 1507 narratio,
1583 1456 1653 1498 cui
1697 1456 1795 1512 ipse

286 1526 425 1570 addit:
460 1526 703 1577 ferebatur,
739 1529 786 1569 ut
827 1524 1055 1582 significet
1087 1538 1139 1569 se
1168 1525 1240 1569 hic
1269 1529 1458 1569 auctore
1488 1538 1577 1569 non
1611 1526 1795 1582 perinde

285 1601 412 1641 certo
446 1609 579 1639 usum
614 1608 736 1647 esse,
771 1596 826 1638 de
860 1608 948 1651 quo
982 1595 1098 1638 infra
1132 1595 1348 1639 dicemus.

428 1668 639 1709 Extremo
673 1665 821 1721 capite
844 1665 957 1725 XXl.
992 1666 1331 1721 cognoscimus,
1366 1679 1455 1721 qua
1486 1680 1630 1709 causa
1653 1667 1793 1722 scrip-

284 1741 356 1780 tor
388 1737 515 1793 plura
549 1736 604 1779 de
628 1734 899 1778 Mithridatis
932 1738 1057 1779 sorte
1091 1735 1287 1791 reperire
1311 1737 1535 1781 studuerit
1568 1737 1794 1793 aliumque

283 1810 450 1850 testem
485 1805 658 1849 adierit.
725 1805 781 1849 lbi
816 1805 933 1849 enim
967 1808 1057 1849 est:
1099 1804 1370 1850 Consularia
1403 1806 1600 1863 insignia
1635 1806 1793 1858 Ciloni,

285 1876 475 1933 Aquilae
524 1875 753 1933 praetoria
801 1875 1123 1920 decernuntur.
1187 1903 1243 1907 —
1307 1877 1440 1925 Quod
1490 1877 1691 1922 Cilonem
1739 1891 1793 1922 eo

284 1949 456 1991 honore
489 1948 706 1990 affectum
741 1959 849 1990 esse
883 1946 1068 1990 Tacitus
1102 1951 1269 1999 narrat,
1304 1948 1344 1991 id
1380 1948 1516 1991 etiam
1540 1948 1793 1992 Suetonius

282 2018 417 2061 tradit
450 2017 628 2074 (Claud.
662 2016 757 2071 24):
792 2016 1077 2061 Ornamenta
1110 2018 1372 2062 consularia
1410 2018 1545 2062 etiam
1580 2032 1792 2075 procura·

282 2088 456 2130 toribus
490 2087 748 2130 ducenariis
781 2087 1023 2140 indulsitss).
1058 2115 1113 2118 —
1154 2088 1251 2132 Cilo
1285 2092 1467 2144 captum
1502 2102 1655 2145 regem
1690 2103 1792 2133 cum

284 2158 470 2202 Romam
504 2157 748 2200 comitatus
782 2161 924 2209 esset,
959 2158 1214 2201 mirandum
1248 2172 1337 2202 non
1372 2163 1456 2211 est,
1492 2160 1612 2215 quod
1636 2159 1793 2204 Tacito

282 2228 430 2270 honos
464 2227 502 2268 ei
535 2226 730 2268 tributus
763 2226 926 2282 dignus
959 2230 1071 2277 erat,
1118 2228 1249 2270 cuius
1288 2228 1455 2271 mentio
1494 2229 1636 2272 fieret.
1699 2229 1792 2272 Sed

281 2298 354 2341 vix
386 2295 580 2353 intellegi
615 2299 780 2352 potest,
815 2309 896 2339 cur
929 2296 1001 2339 hic
1034 2296 1167 2340 etiam
1193 2298 1382 2354 Aquilae
1414 2311 1578 2342 nomen
1612 2300 1792 2356 afferat,

281 2381 415 2425 quem
448 2368 536 2411 hoc
569 2367 685 2410 bello
720 2380 810 2410 non
844 2367 960 2411 adeo
993 2369 1110 2411 bene
1142 2381 1238 2412 rem
1273 2369 1483 2426 gessisse
1517 2371 1652 2426 paulo
1686 2374 1792 2414 ante

281 2443 438 2481 narrat
472 2438 564 2493 (ΧΗ
585 2438 662 2490 15).
726 2438 875 2493 Atque
917 2451 1020 2481 cum
1069 2439 1124 2481 de
1158 2439 1349 2494 Aquilae
1396 2442 1599 2496 praemio
1632 2454 1658 2482 a
1692 2442 1791 2484 solo

279 2508 436 2552 Tacito
454 2507 486 2563 4)
521 2507 758 2560 referatur,
792 2508 1107 2552 concludimus
1141 2522 1257 2562 eum,
1303 2523 1421 2566 quae
1459 2510 1515 2555 de
1549 2509 1705 2555 Cilone
1747 2514 1792 2555 et

425 2637 451 2681 ¹)
480 2636 524 2672 cf.
551 2636 672 2681 Xl24,
699 2636 763 2672 ubi
789 2636 890 2672 idem
920 2637 1075 2673 verbum
1105 2637 1315 2674 disserendi
1342 2638 1536 2674 invenitur.

425 2694 454 2739 2)
482 2694 541 2729 An
568 2694 742 2740 princeps
768 2694 850 2740 ipse
888 2705 929 2730 se
955 2695 1165 2740 alloquitur,
1199 2698 1239 2731 ut
1270 2697 1307 2731 in
1343 2697 1512 2732 oratione
1548 2697 1790 2742 Lugdunensi

280 2751 495 2797 (Andresen
523 2764 608 2798 pag.
634 2754 722 2789 317:
750 2753 780 2788 ΙΙ
810 2753 879 2789 col.
907 2753 1004 2788 linea
1029 2753 1119 2799 20)?

424 2811 452 2855 3)
481 2811 525 2847 cf.
553 2811 781 2857 Nipperdey,
808 2812 935 2847 adnot.
963 2811 1011 2847 ad
1037 2811 1175 2848 Xll2l.

423 2869 452 2914 4)
480 2868 525 2905 cf.
552 2880 638 2915 pag.
667 2870 720 2906 19.
