2090 3320
977 201 1031 245 57

244 339 512 385 delictorum
555 338 762 384 reddidit.
827 338 1078 392 iliensibuS,
1134 339 1266 397 quasi
1320 338 1553 384 Romanae
1604 337 1753 397 gentis

243 410 523 465 auctoribus,
568 409 739 455 tributa
780 409 823 454 in
862 413 1131 467 perpetuum
1172 409 1345 456 remisit
1377 409 1566 454 recitata
1598 413 1753 455 vetere

244 482 438 538 epistula
477 480 691 525 Graeca
715 514 862 524 .....
901 481 1034 537 Apud
1076 481 1281 524 Tacitum
1322 493 1412 523 non
1461 484 1533 523 est
1577 481 1665 524 hoc
1709 480 1753 523 in

243 554 424 605 senatu,
460 550 533 607 qui
566 550 705 594 verba
737 550 958 603 fecerunt,
1003 550 1184 595 Graeco
1224 563 1437 599 sermone
1477 563 1591 595 usos
1630 562 1751 601 esse,

244 622 362 677 quod
407 632 663 664 memorare
707 612 828 663 haud
875 620 973 664 scio
1017 633 1075 663 an
1121 620 1160 663 ei
1206 633 1376 677 operae
1421 620 1612 676 pretium
1661 633 1752 663 non

243 691 388 735 visum
436 690 508 744 sit,
562 703 665 734 cum
714 690 964 735 Suetonius
1018 704 1099 747 pro
1154 704 1240 735 suo
1289 690 1551 747 pusillarum
1601 703 1752 734 rerum

243 753 394 804 studio
426 762 516 804 hoc
548 761 727 804 duobus
761 761 875 804 locis
907 761 1072 804 tradat.
1138 760 1353 804 Ceterum
1393 761 1510 804 bene
1551 760 1669 803 inter
1700 774 1753 803 se

243 831 550 885 consentiunt,
584 831 667 876 sed
700 831 761 875 ita
794 835 842 875 ut
863 830 1045 875 Tacitus
1068 830 1211 875 ironia
1239 830 1434 887 quadam
1458 830 1500 873 in
1524 829 1751 875 Neronem

243 915 333 946 non
367 905 536 946 careat.
601 901 714 945 Nam
748 902 790 945 in
825 905 990 946 senatu
1023 902 1161 945 verbe
1193 901 1367 945 fecisse
1399 914 1502 945 eum
1536 901 1661 945 dicit:
1706 906 1753 945 ut

247 970 412 1015 studiis
446 971 654 1016 honestis
686 975 730 1015 et
763 972 1049 1028 eloquentiae
1081 971 1222 1029 gloria
1246 970 1533 1015 enitesceret.
1568 997 1623 1002 —
1658 971 1755 1016 lure

243 1041 467 1098 suspicari
501 1042 633 1086 nobis
678 1041 882 1085 videmur
927 1042 1013 1086 has
1057 1041 1290 1086 orationes
1335 1055 1362 1084 a
1407 1042 1590 1086 Seneca
1629 1055 1751 1086 com⁶

244 1112 419 1166 positas
453 1125 574 1163 esse,
617 1112 658 1154 id
693 1112 812 1167 quod
845 1112 1030 1155 Tacitus
1063 1111 1149 1155 alio
1182 1112 1283 1154 loco
1305 1115 1334 1163 ¹)
1368 1112 1424 1154 de
1456 1112 1751 1155 sollemnibus

243 1180 438 1227 Neronis
472 1181 755 1227 orationibus
788 1183 939 1235 refert,
985 1181 1057 1226 ubi
1090 1181 1189 1225 sine
1223 1181 1358 1225 dubio
1392 1180 1577 1236 Plinius,
1609 1180 1751 1226 Seneae

243 1265 326 1295 cae
372 1252 682 1306 adversarius,
738 1252 838 1296 eius
892 1256 1053 1296 auctor
1099 1252 1194 1295 fuit.
1257 1252 1396 1296 Simili
1451 1253 1626 1296 ratione
1679 1253 1752 1296 hic

243 1336 422 1380 quoque
460 1323 500 1368 si
540 1323 710 1367 Plinius
748 1327 911 1368 auctor
951 1323 1130 1375 fuisset,
1176 1322 1404 1368 Senecam
1445 1323 1752 1380 perstringere

241 1393 314 1437 vix
346 1393 642 1451 neglexisset,
677 1394 971 1450 quamobrem
1005 1394 1125 1436 hanc
1157 1393 1466 1437 coniecturam
1500 1406 1586 1437 nos
1621 1406 1751 1450 repu·

243 1464 367 1507 diare
427 1477 570 1519 posse
629 1468 856 1520 putamus.
921 1464 1136 1507 Extremo
1195 1464 1283 1507 hoc
1342 1463 1491 1519 capite
1555 1464 1754 1520 scriptor

243 1537 418 1577 narrat:
462 1534 675 1578 tributum
709 1533 1049 1591 Apamensibus
1091 1537 1242 1577 terrae
1280 1536 1403 1577 motu
1447 1533 1677 1577 convolsis
1710 1533 1752 1576 in

242 1603 594 1660 quinquennium
628 1604 885 1648 remissum.
931 1630 987 1635 —
1035 1603 1179 1647 Nemo
1214 1603 1457 1661 intellegat,
1491 1617 1574 1647 cur
1604 1608 1753 1647 tantu-

242 1675 329 1719 lam
364 1687 472 1728 rem,
506 1674 577 1719 cui
611 1674 714 1719 nihil
747 1688 850 1719 cum
877 1674 1214 1719 ceteris‘antea
1243 1674 1358 1719 actis
1392 1687 1634 1719 commune
1667 1678 1752 1728 est,

242 1745 488 1788 memoriae
546 1744 804 1800 prodiderit.
867 1744 915 1789 Si
971 1748 1123 1788 autem
1183 1745 1323 1788 fontis
1377 1745 1476 1788 eius
1530 1746 1751 1788 rationem

241 1816 478 1868 habemus,
536 1815 747 1873 aenigma
805 1814 1039 1859 solvimus.
1110 1814 1225 1858 Nam
1291 1814 1363 1858 ubi
1423 1814 1574 1871 potius
1633 1815 1753 1859 hanc

242 1899 337 1929 rem
370 1885 567 1928 invenire
591 1886 734 1941 potuit
766 1885 851 1929 nisi
885 1886 927 1928 in
953 1886 1069 1929 actis
1097 1887 1322 1929 senatus?
1369 1885 1490 1929 Licet
1513 1890 1753 1941 praeterea

241 1955 425 2001 Tacitus
458 1958 594 2012 atque
628 1955 878 2001 Suetonius
912 1954 1038 1999 Plinii
1071 1968 1210 2012 opere
1245 1955 1314 1999 usi
1348 1955 1451 2007 sint,
1485 1959 1590 2000 acta
1624 1968 1753 2012 prae-

241 2025 533 2070 termittenda
567 2026 639 2069 hic
673 2026 804 2080 nobis
838 2039 927 2069 non
965 2026 1184 2069 videntur.

384 2095 429 2139 ld
472 2096 592 2152 quod
646 2095 1064 2153 undesexagesimo
1119 2095 1268 2152 capite
1316 2099 1539 2148 narratur,
1587 2096 1754 2139 clarius

242 2165 458 2222 originem
493 2165 654 2222 prodit.
699 2165 765 2208 De
799 2165 941 2208 Plinio
975 2165 1232 2222 cogitamus
1256 2168 1443 2221 propter
1466 2164 1754 2208 immodicum

241 2235 340 2280 eius
373 2236 414 2279 in
440 2235 737 2293 Agrippinam
772 2235 939 2288 odium,
974 2235 1094 2292 quod
1128 2236 1374 2292 praecipue
1407 2235 1625 2279 extremis
1657 2248 1753 2279 verr

241 2305 310 2350 bis
343 2306 659 2363 cognoscitur:
694 2306 813 2361 quod
849 2309 1006 2362 patres
1038 2305 1142 2349 odio
1176 2306 1391 2349 delatoris
1424 2309 1584 2349 contra
1613 2305 1752 2349 ambi-

240 2379 335 2420 tum
367 2375 644 2433 ‘Agrippinae
677 2375 923 2432 pervicere.
987 2375 1145 2433 Neque
1189 2389 1551 2420 commemorare
1592 2375 1751 2420 omitti-

241 2459 357 2498 mus,
412 2459 546 2502 quam
595 2445 740 2488 simile
797 2446 887 2489 hoc
935 2449 1074 2503 caput
1127 2446 1270 2502 primo
1319 2446 1390 2489 Xl.
1439 2447 1534 2490 libri
1583 2447 1642 2490 sit
1691 2446 1751 2503 (in

242 2520 433 2572 utroque
466 2521 558 2560 est:
592 2515 735 2560 hortis
768 2515 981 2572 inhians).
1044 2516 1137 2561 Sed
1177 2517 1265 2560 hac
1304 2530 1360 2560 ex
1402 2530 1451 2560 re
1489 2516 1653 2573 aliquid
1697 2517 1752 2560 de

242 2590 432 2630 auctore
465 2586 753 2637 concludere,
788 2586 1013 2629 audacius
1046 2580 1179 2629 nobis
1212 2587 1399 2629 videtur.

382 2655 686 2713 Sexagesimo
721 2655 940 2712 deinceps
974 2656 1123 2713 capite
1156 2656 1342 2700 Tacitus
1375 2656 1544 2700 inducit
1576 2655 1751 2700 Claudi·

243 2739 318 2770 um
352 2726 595 2770 dicentem:
643 2739 799 2783 parem
833 2726 920 2770 vim
954 2739 1105 2769 rerum
1139 2727 1395 2770 habendam
1429 2740 1456 2769 a
1489 2730 1750 2783 procurato-

385 2884 412 2929 ¹)
440 2882 562 2919 xl113
588 2882 720 2919 Oratio
748 2882 913 2919 Neronis
939 2894 961 2919 a
986 2882 1130 2919 Seneca
1156 2882 1379 2929 composita.
