2090 3320
1044 206 1100 247 46

310 341 471 398 Aquila
504 343 654 396 tradit,
688 343 731 386 in
766 356 820 386 eo
855 342 966 385 libro
1000 342 1276 398 repperisse,
1311 341 1352 384 in
1387 354 1475 398 quo
1508 341 1670 385 similia
1693 352 1820 396 prae-

310 413 398 456 mia
432 416 475 455 et
507 413 691 456 favores
724 411 1013 468 imperatoris
1052 412 1196 468 primo
1236 412 1586 469 publicarentur,
1635 411 1660 454 i.
1700 424 1737 454 e.
1779 410 1820 453 in

309 482 425 525 actis
458 486 666 535 senatus,
713 486 760 526 ut
805 482 976 527 initium
1026 486 1071 526 et
1113 482 1219 526 finis
1266 484 1400 527 huius
1444 481 1718 526 narrationis
1766 481 1822 524 de

309 551 565 596 Mithridate
598 552 655 595 ad
690 552 883 596 eundem
927 555 1093 596 testem
1139 551 1339 605 redeant,
1389 565 1491 597 cum
1537 551 1593 596 de
1625 551 1821 595 adventu
1876 558 1880 561 ’

311 621 579 666 Mithridatis
624 636 742 679 quae
780 623 968 668 Tacitus
1007 628 1176 675 narrat,
1225 624 1267 666 in
1313 623 1400 666 alio
1445 623 1557 666 libro
1603 622 1641 665 ei
1687 635 1821 678 quae-

309 693 449 736 renda
482 697 654 737 essent.
719 694 811 753 lam
857 707 998 751 supra
1044 707 1146 738 cum
1191 694 1246 737 de
1286 692 1512 750 legatione
1551 692 1820 735 Parthorum

309 763 517 815 diximuS,
589 764 969 809 consuetudinem
1034 764 1158 807 Plinii
1222 763 1682 808 commemoravimus
1745 776 1821 805 res

309 833 535 885 narrandi,
571 833 733 889 quibus
766 835 969 877 favorem
1003 834 1121 891 vulgi
1154 836 1423 877 sectaretur.
1488 832 1613 876 Satis
1646 836 1820 876 certum

309 903 484 947 videtur
515 904 760 948 adventum
787 903 1057 948 Mithridatis
1081 904 1277 947 verbose
1310 903 1351 946 in
1376 902 1460 947 illis
1483 902 1523 946 Α
1544 902 1635 946 fine
1657 901 1821 946 Aufidii

310 973 442 1016 Bassi
491 973 615 1016 libris
665 987 767 1017 eum
815 974 1135 1030 descripsisse,
1186 987 1288 1016 cum
1338 973 1473 1016 etiam
1522 973 1565 1016 in
1618 973 1821 1016 Naturali

308 1043 497 1087 historia
553 1044 625 1097 (Vl
651 1045 714 1097 17)
770 1057 873 1088 eum
928 1048 1271 1088 commemoret.
1334 1043 1474 1087 Taciti
1528 1043 1665 1087 verba
1718 1055 1820 1086 cum

309 1114 452 1157 Dione
500 1127 770 1170 comparare
818 1115 943 1158 licet:
1000 1114 1285 1157 Mithridates
1341 1114 1576 1170 „captivus
1632 1113 1821 1157 Romam

308 1184 474 1229 ductus
508 1184 621 1228 visui
655 1185 823 1241 populo
858 1185 1164 1241 praebebatur
1204 1184 1327 1228 iuxta
1368 1187 1520 1228 rostra
1553 1183 1821 1228 custodibus

308 1254 663 1299 circumdatus“.
728 1255 905 1304 Quibus
937 1255 1088 1299 verbis
1123 1255 1373 1300 Caesarem
1407 1256 1632 1299 allocutus
1665 1254 1736 1306 sit,
1778 1257 1824 1298 et

306 1325 493 1368 Tacitus
526 1329 571 1369 et
605 1326 687 1369 Dio
721 1326 893 1369 eisdem
926 1327 1161 1370 vocabulis
1194 1327 1404 1369 tradunt:

307 1395 414 1440 Tac.
438 1395 513 1440 Xll
533 1396 576 1440 21
613 1395 712 1441 Non
742 1410 844 1441 sum
879 1396 1103 1441 remissus
1126 1397 1183 1441 ad
1217 1401 1275 1449 te,
1309 1396 1391 1440 sed
1417 1409 1657 1440 reversus:
1691 1396 1759 1439 vel
1783 1395 1821 1439 si

310 1465 391 1509 Dio
412 1466 442 1522 ¹)
491 1468 630 1521 ,,Ἐγ(ὶ)
682 1470 758 1508 οὒκ
812 1470 995 1522 ἠνέχθην
1045 1469 1151 1521 πρὸς
1197 1469 1252 1514 σὲ,
1305 1469 1403 1508 ‹md
1452 1468 1626 1520 dqffyfcac
1661 1480 1667 1487 ·
1701 1469 1738 1507 εἰ
1777 1468 1821 1507 δὲ

308 1549 397 1579 non
438 1536 600 1588 credis,
635 1537 806 1580 dimitte
843 1541 887 1581 et
920 1540 1142 1593 quaere!“

307 1609 493 1654 ἀπιστεῖς,
533 1609 638 1661 ἅφὲς
673 1625 727 1661 με
764 1610 833 1649 καὶ
874 1611 989 1662 ζήτει.
1030 1634 1085 1638 -——
1125 1607 1268 1651 Nemo
1302 1607 1534 1658 dubitabit,
1569 1606 1673 1662 quin
1707 1608 1822 1649 haec

306 1677 446 1720 verba
478 1690 535 1721 ex
568 1690 657 1721 uno
692 1677 946 1734 eodemque
980 1677 1227 1734 exemplari
1261 1681 1444 1734 sumpta
1477 1676 1580 1720 sint.
1636 1675 1732 1720 Nos
1766 1676 1821 1721 de

307 1747 449 1792 Plinio
473 1748 744 1805 cogitamus,
778 1748 819 1791 id
854 1748 973 1804 quod
1005 1748 1090 1792 alio
1126 1749 1240 1800 loco,
1276 1747 1348 1792 ubi
1381 1747 1567 1791 Tacitus
1602 1747 1657 1791 de
1682 1746 1820 1791 Cara-

306 1817 395 1861 taci
430 1817 691 1874 captivitate
734 1818 840 1862 dicit
873 1819 990 1875 (cap.
1021 1818 1112 1875 37),
1146 1818 1319 1862 clarius
1353 1817 1697 1874 perspiciemus,
1731 1830 1820 1873 qua

308 1887 364 1931 de
398 1901 445 1932 re
479 1887 597 1932 infra
631 1888 834 1945 pluribus
868 1902 1167 1945 exponemus.

448 1959 675 2002 Vicesimo
723 1960 868 2001 altero
917 1960 1066 2014 capite
1113 1959 1299 2002 Tacitus
1347 1958 1416 2001 sic
1454 1958 1608 2013 incipit
1646 1959 1822 2001 dicere:

308 2029 455 2073 lsdem
489 2027 770 2073 consulibus.
821 2055 876 2059 —-
924 2028 1131 2085 sequitur
1170 2028 1316 2073 oratio
1358 2027 1529 2073 Claudii
1574 2027 1615 2071 in
1655 2032 1822 2072 senatu

305 2098 472 2142 habita.
529 2098 630 2142 Hoc
662 2100 731 2142 vel
766 2099 912 2142 simile
946 2099 1117 2142 initium
1152 2099 1193 2142 in
1217 2098 1358 2142 Taciti
1392 2099 1516 2142 libris
1540 2111 1629 2141 non
1665 2111 1818 2141 rarum

307 2174 391 2221 est,
441 2183 496 2213 ac
535 2169 780 2213 maximam
822 2174 998 2226 partem
1038 2174 1231 2214 senatus
1271 2169 1515 2226 descriptio
1548 2168 1768 2225 sequitur.
1788 2168 1820 2225 2)

306 2240 467 2296 Neque
491 2240 665 2284 >falsum
700 2240 783 2285 erit
817 2240 1044 2298 suspicari
1080 2241 1411 2299 magistratum,
1446 2239 1518 2297 qui
1553 2243 1657 2284 acta
1688 2252 1822 2284 sena-

306 2314 382 2354 tus
423 2311 742 2367 componebat,
790 2311 933 2367 primo
977 2313 1078 2355 loco
1122 2311 1304 2355 nomina
1348 2311 1588 2354 consulum
1607 2310 1640 2366 3)
1686 2313 1822 2366 atque

307 2380 424 2425 diem
443 2381 476 2437 ⁴)
529 2385 724 2425 senatus
777 2381 1043 2438 scripsisse.
1110 2382 1206 2425 Uno
1260 2382 1360 2425 loco
1421 2380 1561 2425 totius
1616 2380 1823 2436 corporis

305 2451 558 2495 litterarum
606 2450 927 2504 Romanarum,
987 2455 1204 2507 quantum
1257 2450 1389 2494 nobis
1440 2451 1619 2507 quidem
1667 2455 1820 2495 notum

452 2546 479 2592 ¹)
509 2546 583 2582 Dio
610 2545 711 2592 apud
739 2545 983 2592 Xiphfflnum,
1011 2545 1082 2582 vol.
1109 2545 1154 2582 V.
1181 2544 1279 2582 edid.
1308 2544 1469 2582 Dindorf
1494 2556 1578 2592 pag.
1608 2547 1685 2583 191.
1730 2554 1732 2559 ·

450 2604 479 2650 2)
507 2604 551 2641 cf.
578 2605 713 2641 Xl.22.

451 2664 479 2709 ³)
508 2665 612 2710 quod
645 2664 726 2700 fieri
759 2666 882 2700 aetate
915 2664 1184 2709 imperatorum
1224 2674 1380 2699 necesse
1414 2666 1501 2708 erat,
1542 2664 1629 2710 quia
1663 2665 1821 2711 singulis

304 2724 413 2760 annis
440 2724 655 2769 complures
695 2723 872 2759 consules
912 2733 1051 2758 munus
1085 2722 1238 2758 inibant.
1288 2723 1401 2759 Velut
1434 2723 1508 2759 Dio
1540 2724 1650 2760 tradit
1678 2723 1818 2769 (72‚12)

304 2793 405 2819 anno
434 2784 511 2818 189.
539 2782 667 2829 viginti
695 2783 863 2828 quinque
890 2781 1067 2817 consules
1093 2781 1223 2817 fuisse.
1274 2781 1518 2827 Quamquam
1544 2782 1631 2818 anni
1659 2782 1818 2831 nomini-

304 2842 376 2878 bus
403 2842 610 2888 primorum
638 2842 800 2878 duorum
828 2840 1028 2877 consulum
1056 2840 1359 2877 numerabantur.

450 2900 479 2946 4)
508 2900 553 2936 cf.
581 2900 689 2936 Plinii
717 2911 803 2946 epp.
831 2899 954 2936 V1116
982 2900 1004 2944 ἓ
1036 2901 1089 2936 13.
