2090 3320
991 172 994 178 “
1010 184 1035 227 7

275 319 510 379 rettulerit,
545 324 816 369 enumerari.
855 322 984 371 *Qua
1016 334 1124 365 vero
1157 324 1310 365 mente
1334 319 1507 363 Plinius
1530 319 1784 376 scripserit,

275 394 455 439 Gercke
493 394 788 452 perspicuum
830 392 1079 446 reddidit1),
1122 392 1195 449 qui
1242 391 1588 441 multoslocos
1632 390 1783 441 affert,

274 464 436 521 quibus
481 463 800 508 atrocissimae
847 462 971 505 Plinii
1023 462 1066 505 in
1111 453 1408 519 Agrippinam
1454 462 1500 503 et
1550 459 1781 503 Neronem

273 533 529 577 inimicitiae
579 536 936 590 cognoscuntur.
1002 532 1115 576 Cum
1159 536 1305 576 morte
1352 530 1630 575 Messalinae
1679 529 1783 572 nihil

274 602 426 660 aptius
458 603 531 656 sit,
564 603 637 647 ubi
671 603 872 648 narratio
906 602 1121 647 continua
1154 602 1513 658 interrumpatur
1543 611 1781 655 novusque

274 674 386 717 liber
417 674 600 730 incipiat
632 678 769 730 atque
803 688 905 718 cum
939 676 1200 730 complures
1241 676 1459 716 auctores
1493 671 1780 714 demonstra-

274 743 419 788 verint
433 743 621 788 Plinium
636 744 792 789 Tacito
811 744 1031 790 Suetonio
1050 743 1177 788 Dioni
1192 742 1429 787 materiam
1446 740 1719 799 praebuisse
1734 743 1783 793 2),

275 828 445 871 operae
490 816 681 871 pretium
727 820 800 859 est
843 828 1128 871 comparare,
1173 827 1291 870 quae
1336 814 1378 856 hi
1422 812 1677 868 scriptores
1723 812 1779 855 de

276 884 442 941 nuptiis
466 884 638 930 Claudii
671 889 716 929 et
739 884 1028 943 Agrippinae,
1062 897 1089 928 a
1122 883 1285 940 quibus
1308 883 1398 927 Xll.
1432 882 1592 926 librum
1626 882 1782 939 incipit

274 954 473 1007 Tacitus,
496 957 773 1000 tradiderint.
835 956 942 999 Tac.
965 955 1040 998 Χ11
1065 956 1115 998 3:
1149 955 1454 998 Praevaluere
1484 955 1601 997 haec
1623 953 1779 997 adiuta

275 1025 552 1082 Agrippinae
574 1025 835 1070 inlecebris:
869 1026 926 1069 ad
960 1038 1062 1070 eum
1096 1037 1178 1082 per
1200 1024 1404 1081 speciem
1423 1023 1780 1068 necessitudinis

275 1097 437 1139 crebro
469 1096 731 1139 ventitando
755 1096 920 1151 pellicit
943 1100 1168 1151 patruum.
1203 1120 1258 1125 —
1280 1121 1337 1125 —
1370 1095 1497 1138 Suet.
1523 1094 1679 1138 Claud.
1701 1096 1778 1137 26:

274 1164 442 1208 Verum
512 1165 754 1209 inlecebris
817 1165 1096 1223 Agrippinae
1158 1165 1379 1220 pellectus
1442 1164 1499 1207 ad
1562 1176 1780 1208 amorem.

276 1234 357 1277 Dio
392 1235 464 1277 LX
491 1237 586 1278 317.
649 1237 732 1277 Καὶ
764 1237 842 1289 γὰρ
880 1237 984 1289 καλὴ
1032 1237 1083 1289 ἦν
1121 1237 1162 1289 (ἡ
1190 1236 1458 1287 Ἀγριππῖνα)
1497 1236 1567 1275 καὶ
1598 1241 1782 1289 συνεχῶς

274 1306 388 1360 αὐτῷ
417 1307 680 1361 προςεφοίτᾳ,
719 1307 827 1361 μόνη
860 1323 900 1348 τε
931 1307 991 1352 ὡς
1022 1307 1091 1347 καὶ
1123 1306 1227 1359 θείῳ
1248 1306 1498 1359 συνεγίγνετο
1530 1306 1600 1347 καὶ
1632 1323 1781 1361 τρυφε-

275 1378 459 1429 ρώτερον
502 1379 527 1430 ἢ
577 1378 646 1418 καὶ
699 1378 899 1431 ἀδελφιδῆ
947 1378 1238 1429 προςεφέρετο.
1308 1374 1389 1418 Dio
1431 1375 1519 1418 LX!
1555 1377 1588 1419 11
1623 1392 1654 1418 3.
1704 1376 1783 1417 Τὸν

273 1446 391 1487 θεῖον
420 1446 490 1488 τὸν
524 1446 732 1488 Κλαύδιον
770 1448 811 1492 ἒς
842 1448 976 1500 ἔρωτα
1016 1447 1140 1500 αὑτῆς
1177 1451 1261 1490 ταῖς
1294 1464 1334 1488 τε
1366 1448 1566 1501 γοητείαις
1597 1448 1666 1488 καὶ
1697 1452 1782 1492 ταῖς

274 1517 512 1561 ἀκολασίαις
542 1518 611 1557 καὶ
648 1521 731 1557 τῶν
763 1518 1013 1574 βλεμμάτων
1043 1517 1113 1557 καὶ
1148 1520 1231 1556 τῶν
1262 1518 1506 1570 φιλημάτων
1540 1519 1783 1571 ὑπηγάγετο.

417 1584 504 1629 Vix
542 1599 660 1641 opus
699 1589 771 1629 est
809 1587 938 1642 plura
982 1586 1166 1629 addere.
1231 1585 1344 1628 Nam
1394 1599 1527 1629 nemo
1575 1590 1661 1638 est,
1709 1587 1780 1629 cui

276 1669 365 1699 non
398 1656 691 1699 manifestum
725 1656 783 1699 sit
821 1658 907 1699 has
945 1660 1042 1699 tres
1081 1656 1370 1699 narrationes
1411 1656 1467 1699 ad
1502 1669 1638 1699 unum
1673 1669 1779 1699 eunt

276 1727 469 1782 demque
488 1729 724 1770 auctorem
744 1725 915 1778 referri,
938 1726 963 1769 i.
988 1739 1025 1770 e.
1046 1726 1102 1769 ad
1127 1726 1251 1770 Plinii
1276 1726 1415 1769 libros
1439 1726 1477 1768 A
1499 1725 1591 1769 fine
1616 1726 1780 1769 Aufidii

278 1795 426 1848 Bassi,
459 1796 579 1851 quod
614 1796 730 1839 infra
764 1797 838 1851 (ad
873 1795 949 1838 Χ11
983 1797 1027 1850 3)
1063 1796 1267 1851 pluribus
1300 1807 1598 1851 exponemus.

417 1865 687 1923 Negativum
728 1879 921 1923 quoque,
970 1867 1088 1923 quod
1128 1880 1214 1911 nos
1253 1866 1405 1910 dicere
1444 1866 1782 1919 consuevimus,

277 1940 595 1992 argumentum
629 1938 762 1980 nobis
794 1941 879 1988 est,
915 1950 1003 1992 quo
1027 1938 1356 1980 concludamus
1390 1940 1581 1979 mortem
1606 1936 1782 1979 Nessa‘

274 2006 392 2049 linae
424 2006 561 2050 finem
595 2006 750 2061 operis
789 2006 1015 2050 Aufidiani
1053 2007 1214 2051 fuisse.
1264 2007 1395 2063 Apud
1436 2005 1624 2049 Plinium
1664 2006 1783 2050 enim

276 2074 495 2130 scriptum
541 2076 732 2132 legimus
784 2089 841 2119 ex
891 2076 1039 2119 insula
1085 2077 1357 2133 Taprobane
1402 2075 1675 2131 legationem
1724 2076 1781 2118 ad

277 2143 512 2188 Claudium
552 2146 739 2189 missam
785 2150 830 2190 et
874 2147 931 2189 ab
971 2159 1026 2190 eo
1069 2145 1349 2190 sollemniter
1392 2149 1626 2202 receptam
1672 2159 1781 2190 esse

277 2214 397 2272 (Nat.
432 2216 534 2259 hist.
568 2216 704 2260 V122
736 2218 760 2271 ξ
787 2216 875 2271 84).
938 2216 1062 2260 Talia
1095 2217 1376 2273 spectacula,
1425 2229 1543 2272 quae
1589 2216 1780 2272 saepius

276 2286 318 2329 in
367 2286 559 2329 naturali
609 2287 799 2330 historia
843 2291 1273 2339 commemorantur,
1325 2287 1367 2329 in
1411 2288 1555 2330 altero
1599 2299 1781 2342 quoque

276 2356 391 2400 libro
425 2356 549 2400 Plinii
577 2356 809 2414 descripta
842 2370 950 2401 esse
974 2370 1056 2414 pro
1079 2360 1206 2401 certo
1230 2356 1479 2414 putandum
1503 2360 1588 2400 est.
1623 2356 1782 2414 Neque

278 2428 470 2470 dubitari
505 2432 671 2483 potest,
706 2428 810 2483 quin
836 2427 1021 2479 Plinius,
1054 2428 1092 2471 si
1124 2431 1321 2483 tempus,
1355 2440 1444 2483 quo
1467 2429 1584 2470 haec
1616 2429 1783 2484 legatio

279 2497 466 2542 Romam
490 2501 692 2550 venerat,
725 2497 768 2541 in
798 2497 956 2541 librum
981 2511 1113 2541 suum
1138 2497 1387 2550 incidisset,
1422 2510 1538 2551 eam,
1570 2510 1660 2554 qua
1684 2502 1784 2542 erat

421 2624 448 2671 ¹)
476 2624 635 2670 Gercke,·
660 2625 987 2672 Seneca-Studien,
1021 2626 1154 2663 Annal.
1190 2625 1364 2662 fleckeis.
1385 2625 1514 2672 Suppl.
1537 2625 1652 2662 ΧΧ11.
1682 2627 1784 2662 1896.

277 2698 362 2733 pag·
391 2686 633 2788 123⁴)(iercke,
661 2745 682 2779 1.
709 2755 738 2780 c.
765 2756 850 2790 pag.
879 2745 957 2780 164.
995 2744 1254 2788 Christensen,
1283 2744 1340 2779 De
1365 2734 1534 2779 fontibus
1560 2755 1582 2779 a
1604 2744 1727 2779 Dione
1748 2744 1784 2778 in

277 2803 484 2838 enarranda
509 2802 582 2837 vita
611 2803 774 2838 Neronis
801 2803 926 2838 adhib.
979 2803 1135 2838 Dissert.
1164 2802 1273 2838 Berol
1303 2803 1404 2837 1871.
1438 2801 1598 2845 Teuffel,
1626 2802 1785 2838 Litterat.

278 2861 301 2905 ξ
328 2862 444 2904 338,7.
