2090 3320
1000 204 1054 245 47

263 345 350 394 est,
389 341 559 384 initium
593 344 799 384 actorum
823 343 1055 396 tamquam
1090 341 1213 385 urbis
1245 340 1456 383 traditur:
1490 339 1671 384 Petron.
1704 340 1775 384 53.

265 411 357 455 Sed
390 411 463 453 hic
495 410 679 453 nomina
712 411 950 453 consulum
984 410 1168 465 desunt;
1217 410 1429 454 consulto
1462 409 1566 465 quin
1601 409 1775 453 omissa

259 480 363 531 sint,
419 492 508 523 non
567 479 750 523 dubium
809 483 894 533 est,
956 494 1059 525 cum
1122 480 1364 524 Petronius
1426 479 1771 537 diligentissime

258 552 439 601 caveat,
483 561 541 593 ne
587 552 769 607 tempus
817 550 1012 595 actionis
1058 549 1237 594 indicet.
1299 549 1468 594 Tamen
1518 562 1598 607 pro
1645 553 1772 594 certo

262 621 417 664 haberi
452 624 603 677 potest
636 620 867 665 Romanos
900 621 1178 675 (forensibus
1207 621 1457 666 rationibus
1480 623 1648 675 motos)
1681 620 1770 665 sin-

258 690 378 749 gulis
424 694 469 735 et
509 694 704 735 senatus
742 694 787 735 et
820 691 945 736 urbis
982 691 1100 736 actis
1138 691 1322 736 nomina
1361 692 1601 736 consulum
1643 705 1770 748 prae-

261 761 490 818 posuisse,
536 762 654 818 quod
687 763 756 806 vel
795 776 897 807 eam
936 763 993 807 ob
1033 776 1225 807 causam
1267 762 1334 806 eis
1366 762 1625 806 faciendum
1659 766 1769 814 erat,

262 844 328 875 ne.
352 835 546 875 senatus
579 833 837 876 consultum
883 837 961 877 aut
1009 833 1113 890 quid
1158 832 1277 877 alind
1323 832 1365 875 in
1399 831 1582 876 dubium
1615 832 1769 876 vocari

208 955 210 957 Ι
262 904 435 957 posset,
489 901 528 945 si
576 905 757 959 tempus
804 903 983 960 aliquod
1037 902 1249 947 distincte
1297 901 1603 947 definiendum
1656 905 1767 946 erat.

263 971 450 1015 Tacitus
484 973 629 1029 igitur,
663 986 766 1016 cum
790 975 1028 1017 consulum
1057 973 1239 1016 nomina
1262 972 1455 1030 legebat,
1488 985 1607 1029 quae
1630 972 1768 1016 maxi·

263 1055 382 1086 mam
420 1047 594 1100 partem
629 1044 716 1089 iam
749 1048 885 1089 antea
917 1043 1244 1097 nominaverat,
1277 1056 1333 1087 ne
1366 1042 1551 1087 iteraret
1572 1043 1769 1097 nomina,

259 1114 347 1156 hac
378 1115 571 1157 formula
604 1116 828 1167 utebatur,
861 1127 979 1170 quae
1010 1114 1200 1170 saepius
1232 1114 1274 1156 in
1308 1113 1494 1170 scriptis
1515 1114 1616 1157 eius
1639 1126 1767 1169 repe-

261 1182 371 1226 ritur
418 1184 556 1237 (V113
592 1184 722 1229 V123
766 1184 822 1228 XI
841 1185 898 1228 22
935 1184 1029 1228 XIII
1048 1184 1136 1239 48).
1199 1184 1299 1228 Hoc
1346 1183 1388 1228 In
1436 1183 1568 1227 XXII.
1617 1183 1767 1241 capite

256 1253 509 1298 orationem
543 1254 832 1312 imperatoris
854 1255 1071 1312 scriptam
1104 1254 1323 1307 videmus,
1357 1267 1492 1311 quam
1515 1254 1557 1297 in
1583 1254 1766 1298 Lolliam

258 1323 506 1377 Paetinam,
555 1327 779 1368 aemulam
825 1325 1103 1381 Agrippinae
1148 1326 1222 1377 (cf.
1263 1324 1339 1368 XII
1359 1326 1393 1377 l)
1437 1325 1588 1368 habet.
1650 1324 1766 1367 Tota

256 1393 370 1439 ratio
416 1394 591 1440 dIcendi
640 1409 740 1440 eam
791 1397 951 1440 revera
1001 1394 1174 1440 Claudii
1222 1408 1331 1439 esse
1377 1393 1536 1451 prodit.
1600 1392 1666 1438 De
1717 1392 1765 1439 C.

257 1464 475 1509 Caesaris
522 1466 690 1522 nuptiis
738 1479 841 1509 eum
890 1466 1152 1509 consulto
1201 1465 1444 1510 reticuisse
1493 1465 1579 1508 iam
1625 1477 1767 1521 supra

256 1535 450 1579 diximus
498 1540 616 1592 (cap.
650 1536 740 1589 XI.)
781 1549 929 1592 eaque
977 1549 1027 1580 re
1074 1535 1367 1580 manifestum
1416 1535 1513 1579 lieri
1560 1535 1765 1579 Tacitum

255 1604 506 1648 orationem
540 1605 658 1649 illam
691 1606 873 1663 legisse,
916 1619 1051 1662 quam
1084 1605 1372 1662 potissimum
1406 1604 1448 1648 in
1482 1605 1600 1649 actis
1632 1618 1765 1649 sena-

255 1677 330 1718 tus
363 1675 561 1732 reperire
601 1675 756 1733 potuit.
820 1675 928 1720 Plus
971 1679 1124 1720 autem
1174 1676 1338 1728 valent,
1393 1688 1511 1732 quae
1559 1678 1764 1720 extremo

255 1747 343 1790 hoc
375 1746 523 1802 capite
556 1750 602 1791 et
634 1740 840 1803 proximo
874 1749 1122 1791 narrantur
1154 1759 1256 1790 res:

270 1816 302 1871 1)
338 1815 580 1873 CalpurnIa
613 1816 800 1861 illustris
832 1817 1000 1861 femina
1034 1817 1316 1874 pervertitur,
1350 1817 1454 1873 quia
1473 1851 1622 1861 .....

254 1887 298 1941 2)
334 1886 587 1931 Damnatus
621 1891 665 1932 et
698 1888 797 1945 lege
829 1888 1184 1945 repetundarum
1220 1887 1389 1932 Cadius
1424 1887 1581 1932 Rufus.

253 1957 298 2011 3)
332 1956 504 2000 Galliae
527 1957 816 2001 Narbonensi
850 1958 908 2001 ob
943 1958 1172 2014 egregiam
1197 1958 1239 2000 in
1272 1962 1429 2013 patres
1462 1958 1763 2001 reverentiam

396 2026 563 2079 datum,
599 2031 645 2072 ut
678 2027 972 2073 senatoribus
1016 2026 1114 2072 eIus
1148 2027 1407 2085 provinciae
1447 2041 1521 2073 res
1554 2041 1668 2073 suas
1701 2027 1763 2072 in-

395 2097 543 2141 visere
576 2097 748 2141 liceret.

253 2167 297 2223 4)
332 2167 494 2212 Ituraei
534 2173 578 2213 et
618 2168 767 2212 Iudaei
807 2168 1037 2213 defunctis
1083 2169 1268 2227 regibus
1307 2168 1565 2227 provinciae
1598 2169 1762 2215 Suriae

378 2239 547 2283 .additi.

252 2308 297 2365 5)
332 2309 505 2354 Salutis
537 2311 776 2367 augurium
810 2311 950 2368 repeti
983 2323 1039 2355 ac
1070 2310 1232 2355 deinde
1255 2311 1508 2356 continuari
1533 2313 1760 2369 placitum.

253 2379 297 2436 6)
332 2379 386 2424 Et
420 2380 671 2437 pomerium
705 2381 830 2427 urbis
863 2382 991 2426 auxit
1023 2382 1211 2427 Caesar.

255 2450 384 2494 Haec
416 2464 501 2495 sex
533 2464 610 2496 res
643 2445 759 2497 inter
803 2466 856 2497 se
901 2466 1037 2510 quam
1071 2453 1412 2498 diversissimae
1457 2454 1514 2498 ad
1548 2458 1759 2499 senatum

252 2521 497 2578 pertinent;
547 2535 652 2566 num
687 2525 821 2568 unius
852 2523 1018 2567 fuerint
1049 2528 1255 2578 senatus,
1297 2525 1339 2569 in
1373 2525 1508 2570 dubio
1541 2526 1759 2583 relinquo.

251 2592 438 2638 Tacitus
490 2593 619 2637 solus
670 2594 807 2639 tradit
860 2594 1049 2640 Cadium
1104 2595 1266 2641 Rufum
1329 2596 1591 2641 damnatum
1651 2609 1759 2642 esse

252 2663 400 2717 (I-Iaec
434 2663 627 2709 Claudio
661 2665 864 2710 Caesare
907 2680 998 2710 una
1037 2666 1393 2724 repetundarum
1431 2667 1663 2712 damnatio
1701 2669 1758 2712 ct.

252 2745 355 2791 pag.
388 2735 466 2786 19).
529 2735 831 2780 Senatoribus
864 2736 1242 2782 Narbonensibus
1280 2737 1350 2781 ius
1395 2738 1499 2782 illud
1532 2738 1626 2783 dari
1666 2740 1757 2795 pla-

252 2802 403 2857 citum,
442 2818 561 2862 „quo
600 2805 753 2851 Sicilia
801 2806 1064 2852 haberetur:
1112 2808 1170 2853 ob
1209 2807 1441 2867 egregiam
1483 2808 1525 2854 In
1566 2812 1759 2867 patres

251 2874 597 2919 reverentiam“.
661 2877 754 2921 Sed
815 2878 1031 2922 extremis
1084 2879 1234 2923 verbis
1288 2879 1439 2924 XXIV.
1492 2880 1655 2938 capitis
1715 2881 1756 2925 id
