2090 3320
1029 197 1086 240 25

299 334 536 378 historiam
571 347 721 379 rerum
753 333 1068 378 Parthicarum
1100 334 1380 385 tradidisset,
1413 333 1532 388 quod
1567 331 1811 376 verisimile

301 417 391 447 non
427 407 514 464 est.
577 404 784 460 Scriptor
823 403 957 460 igitur
987 416 1069 447 >res
1110 404 1381 448 Parthorum
1421 416 1510 446 non
1551 406 1809 458 temporum

300 474 458 518 ordine
491 473 672 526 rettulit,
717 473 800 517 sed
839 474 1017 531 longius
1058 474 1225 519 aetatis
1265 474 1507 531 processit,
1553 476 1601 517 ut
1641 471 1714 516 hic
1752 471 1809 515 ad

299 545 369 587 47.
403 557 572 587 annum
607 544 789 595 referat,
828 557 949 599 quae
982 545 1039 587 ad
1072 546 1142 594 49.
1176 545 1355 588 demum
1390 543 1631 587 referenda
1666 545 1809 585 erant.

299 613 434 670 Atqui
468 613 566 670 ipse
599 626 651 657 se
684 626 800 669 quae
831 613 1022 670 singulis
1045 614 1177 658 annis
1201 619 1333 671 gesta
1357 617 1532 666 essent,
1566 613 1810 669 collegisse

300 687 436 741 atque
471 697 561 727 una
595 696 815 732 narrasse
850 696 1075 739 nusquam
1116 683 1235 737 dicit,
1281 684 1412 727 cuius
1453 683 1516 726 rei
1550 683 1809 739 exemplum

300 754 478 799 estXll
502 756 545 798 41
582 758 708 807 extr;
755 766 863 811 ergo
897 754 1012 797 satis
1045 753 1285 797 verisimile
1319 753 1495 796 videtur
1533 766 1634 796 eum
1669 753 1808 796 conti-

301 839 436 868 nuum
484 827 539 869 de
585 826 721 868 rebus
756 825 982 868 Parthicis
1028 825 1187 868 librum
1235 825 1467 876 habuisse,
1516 837 1604 879 quo
1648 824 1808 867 eodem

299 895 414 938 inira
447 895 520 938 Xll
547 896 696 939 10—21
733 908 846 938 usus
887 898 971 938 est.
1034 895 1125 954 Jam
1166 908 1306 952 supra
1347 896 1468 952 (pag.
1503 894 1556 950 11)
1598 893 1808 950 εοξηονῑν

300 979 401 1008 mus
434 966 676 1009 relationes
717 965 990 1010 Corbulonis
1031 965 1177 1022 (iussu
1217 966 1455 1021 senatus2)
1504 961 1723 1008 collectas
1765 965 1807 1007 in

301 1035 525 1092 publicum
560 1036 706 1079 editas
740 1049 859 1079 esse.
925 1036 1139 1079 Fortasse
1178 1036 1359 1093 longius
1393 1036 1642 1092 procedere
1675 1035 1807 1078 nobis

300 1105 403 1150 licet
435 1119 490 1150 ac
522 1106 748 1163 suspicari
772 1106 977 1149 Tacitum
1011 1105 1176 1159 librum*
1194 1106 1413 1150 habuisse
1444 1106 1500 1149 de
1524 1106 1662 1150 rebus
1685 1106 1805 1163 apud

301 1176 494 1219 Parthos
529 1176 716 1219 Claudio
758 1180 803 1219 et
835 1176 1017 1218 Nerone
1060 1176 1411 1232 imperatoribus
1433 1177 1609 1232 -gestis;
1659 1189 1806 1231 neque

300 1245 340 1289 id
388 1246 609 1290 audacius
658 1245 833 1290 videtur
881 1259 1001 1299 esse,
1057 1259 1159 1289 cum
1209 1245 1466 1303 cogitamus
1515 1246 1702 1290 Plinium
1751 1246 1807 1290 de

301 1316 428 1358 bellis
452 1316 725 1359 Germaniae
752 1316 903 1372 viginti
928 1316 1067 1359 libros
1090 1316 1338 1372 scripsisse
1363 1317 1491 1372 (Plin.
1516 1330 1615 1372 epp.
1642 1317 1690 1358 lll
1715 1317 1804 1371 54),

298 1386 501 1429 Tacitum
536 1386 684 1442 ipsum
719 1385 774 1429 de
809 1385 1067 1436 Germania,
1115 1389 1162 1429 ut
1194 1386 1311 1429 tales
1345 1386 1453 1437 libri,
1503 1400 1618 1442 quos
1652 1400 1806 1431 mono-

298 1456 515 1513 graphias
561 1468 646 1498 nos
690 1455 893 1507 dicimus,
944 1459 1037 1498 tum
1089 1455 1175 1498 rari
1229 1456 1374 1499 fuisse
1419 1469 1507 1499 non
1552 1456 1806 1500 videantur-

298 1526 428 1569 cuius
461 1526 522 1569 rei
557 1526 598 1567 in
636 1526 826 1568 historia
868 1525 1115 1568 litterarum
1149 1526 1263 1568 illius
1296 1526 1461 1568 aetatis
1494 1526 1609 1568 satis
1642 1540 1807 1579 exem-,

299 1598 471 1653 plorum
506 1595 803 1652 reperiuntur.

438 1666 504 1710 De
537 1666 653 1710 ludis
686 1665 1004 1710 saecularibus
1036 1667 1243 1724 scriptor,
1284 1680 1423 1723 quare
1462 1667 1565 1710 nihil
1606 1668 1700 1711 fere
1741 1681 1805 1711 re³

296 1738 425 1789 ferat,
471 1738 569 1793 ipse
607 1737 725 1783 dicit.
790 1737 961 1781 Claudii
1003 1737 1370 1789 commentarios,
1417 1751 1549 1793 quem
1590 1739 1645 1781 de
1690 1739 1805 1781 ludis

300 1807 560 1864 scripsisse⁴
579 1821 718 1864 supra
750 1807 943 1850 vidimus
977 1807 1085 1864 (pag
1106 1807 1180 1863 9.),
1214 1808 1252 1850 si
1282 1807 1347 1850 eis
1372 1820 1484 1850 usus
1508 1812 1647 1859 esset,
1682 1812 1805 1852 certe

297 1879 368 1921 hic
402 1891 761 1921 commemorare
795 1891 883 1921 non
918 1877 1210 1934 neglexisset.
1265 1877 1356 1921 Sed
1391 1891 1507 1933 quae
1539 1883 1804 1934 sequuntur,

299 1948 409 2009 mira
450 1949 644 2004 quadam
686 1952 793 1991 sunt
831 1948 1120 1991 similitudine
1159 1947 1403 1991 coniuncta
1443 1960 1545 1991 cum
1585 1948 1805 1992 Suetonio

299 2018 406 2076 (vita
459 2018 653 2062 Neronis
702 2018 746 2074 7)
796 2021 840 2061 et
888 2017 1051 2062 Cassio
1101 2018 1260 2061 Dione.
1292 2017 1434 2071 (LXZ
1480 2022 1609 2071 extr).
1673 2019 1804 2076 Apud
1872 2042 1875 2047 <

297 2089 500 2131 Tacitum
535 2088 753 2144 scriptum
787 2089 997 2145 legimus:
1040 2088 1332 2132 Circensibus
1366 2089 1495 2140 ludiS,
1542 2102 1645 2132 cum
1680 2089 1804 2144 pueri

298 2159 472 2201 nobiles
536 2158 663 2214 equis
726 2158 943 2202 ludicrum
1006 2158 1162 2202 Troiae
1230 2158 1390 2202 inirent
1453 2158 1655 2215 interque
1723 2172 1805 2202 eos

299 2227 585 2271 Britannicus
618 2228 890 2284 imperatore
924 2229 1103 2284 genitus
1142 2232 1186 2271 et
1220 2229 1263 2271 L.
1299 2229 1521 2273 Domitius
1560 2229 1804 2285 adoptione

298 2312 404 2342 mox
457 2299 498 2342 in
547 2299 781 2355 imperium
835 2302 879 2342 et
932 2303 1283 2355 cognomentum
1338 2299 1531 2342 Neronis
1583 2300 1803 2351 adscituS,

297 2370 426 2413 favor
458 2369 602 2426 plebis
634 2369 782 2413 acrior
815 2368 857 2412 in
891 2369 1134 2413 Domitium
1173 2370 1274 2413 loco
1318 2369 1543 2426 praesagii
1583 2374 1804 2427 acceptus

297 2442 381 2482 est.
415 2465 470 2469 —-
503 2439 751 2483 Suetonius
786 2440 872 2483 hac
905 2440 961 2483 de
994 2453 1041 2483 re
1070 2440 1243 2483 scribit:
1278 2439 1483 2496 Namque
1506 2444 1634 2483 tener
1655 2441 1804 2484 adhuc

297 2509 496 2554 nondum
537 2513 713 2554 matura
756 2510 944 2567 pueritia
986 2510 1268 2555 circensibus
1314 2510 1430 2554 ludis
1468 2510 1646 2554 Troiam
1699 2524 1803 2555 con-

296 2580 578 2623 stantissime
610 2580 1004 2636 favorabiliterque
1037 2581 1154 2623 lusit.
1205 2580 1453 2623 Undecimo
1487 2581 1651 2623 aetatis
1684 2595 1803 2623 anno

297 2664 323 2694 a
358 2649 545 2694 Claudio
579 2650 825 2707 adoptatus
859 2654 942 2694 est.
977 2677 1033 2681 -—
1068 2650 1221 2694 Utrum
1256 2663 1368 2694 casu
1402 2650 1564 2702 accidt,
1599 2654 1647 2693 ut
1679 2650 1803 2694 Taci-

295 2725 370 2765 tus
404 2721 569 2765 nomini
604 2720 797 2764 Neronis
832 2721 1165 2773 „favorabiliter
1187 2721 1410 2764 ludentis“
1445 2720 1560 2763 idem
1585 2721 1804 2764 addiderit

297 2793 415 2849 quod
457 2791 730 2836 Suetonius:
783 2791 1019 2836 Claudium
1069 2804 1171 2835 eum
1219 2792 1339 2835 brevi
1390 2796 1493 2848 post
1532 2791 1802 2848 adoptasse;

296 2877 353 2907 an
393 2863 553 2907 eodem
599 2876 687 2919 quo
733 2863 803 2906 ille
850 2876 963 2906 usus
1010 2866 1081 2906 est
1125 2864 1340 2906 auctore?
1403 2862 1494 2906 Sed
1540 2863 1641 2918 plus
1687 2862 1805 2906 inest
