2090 3320
1045 231 1093 272 17

310 368 488 425 publica
520 366 866 411 Atheniensium
904 366 1123 411 scriberet
1137 366 1182 424 ¹).
1246 365 1460 410 Timaeus
1494 362 1816 420 inscriptiones

310 439 621 482 columnarum
670 441 714 480 et
776 439 1043 494 templorum
1098 437 1278 494 collegit
1325 440 1461 492 atque
1515 434 1650 477 etiam
1711 437 1815 477 acta

310 507 750 565 Carthaginiensium
774 512 819 552 et
843 508 1118 553 Phoenicum
1138 507 1334 565 inspexit
1347 506 1403 564 2);
1432 506 1651 551 Craterus
1680 504 1815 561 3)cor-

310 592 396 636 pus
419 579 689 634 composuit,
721 579 840 634 quod
870 578 1224 639 inscribebatur:
1267 580 1552 632 ¹I'quoyuirnw
1581 579 1815 630 mriwzymytj.

311 648 591 704 Polybius4):
645 648 884 692 Tabularia
940 642 1144 694 Romana
1194 648 1365 693 Rhodia
1413 647 1617 690 Achaica
1665 647 1815 689 Mace-

309 718 472 762 donica
495 718 614 761 adiit.
659 719 849 763 Fascem
873 723 1078 763 actorum
1103 720 1326 777 losephus
1350 717 1476 774 operi
1500 730 1586 760 suo
1611 716 1812 768 iniunxit,

310 802 442 845 quem
476 802 532 832 ex
565 788 738 832 Nicolai
773 789 1048 833 Damasceni
1082 789 1195 833 libro
1224 787 1434 845 sumpsit.
1460 813 1514 817 —
1539 786 1572 829 Ε
1597 787 1815 831 Romanis

309 858 607 916 scriptoribus
641 859 829 915 primum
862 860 915 907 Q.
940 859 1190 903 Asconium
1226 858 1474 902 Pedianum
1509 857 1813 908 nominamus,

309 929 381 985 qui
425 929 628 985 aequalis
666 930 762 973 fere
799 929 939 974 Taciti
979 930 1118 987 (circa
1156 943 1324 972 annum
1364 929 1432 972 80.
1476 931 1683 971 mortuus
1724 928 1814 984 est)

308 999 406 1055 ipse
427 999 583 1043 scribit
617 999 751 1056 (edid.
780 999 1211 1055 Kiessling-Schoell
1255 1011 1355 1055 pag.
1389 999 1487 1054 39):
1530 999 1624 1055 Ego
1659 1003 1706 1041 ut
1739 1012 1814 1042 cu-

308 1068 497 1112 riositati
544 1072 725 1112 vestrae
773 1069 1071 1120 satisfaciam,
1121 1073 1225 1111 acta
1242 1069 1274 1123 5)
1325 1068 1460 1111 etiam
1509 1067 1648 1110 totius
1697 1067 1813 1111 illius

307 1139 525 1195 temporis
574 1143 845 1195 persecutus
894 1153 1011 1182 sum.
1088 1140 1247 1194 Neque
1296 1138 1528 1181 Asconius
1576 1138 1705 1180 solus
1754 1138 1822 1180 itav

308 1210 486 1265 agebat.
560 1209 744 1253 Tacitus
797 1209 895 1266 ipse
944 1210 999 1253 de
1049 1211 1192 1253 altero
1246 1208 1442 1264 quodam
1493 1207 1681 1252 Cratero
1729 1221 1816 1251 nos

310 1279 444 1322 docet
477 1278 597 1335 (dial.
631 1279 729 1334 37):
768 1280 928 1322 Vetera
961 1293 987 1322 a
1021 1279 1232 1322 Muciano
1256 1280 1602 1321 contrahuntur
1639 1291 1695 1321 ac
1727 1278 1815 1321 iam

308 1348 532 1400 undecim,
581 1353 629 1392 ut
674 1349 847 1405 opinor,
888 1353 1096 1393 actorum
1136 1349 1259 1393 libris
1305 1347 1562 1404 composita
1607 1352 1652 1391 et
1696 1347 1816 1391 edita

307 1422 427 1462 sunt.
491 1419 650 1475 Neque
698 1420 841 1463 semel
889 1418 1058 1462 Plinius
1104 1418 1248 1462 maior
1293 1422 1396 1462 acta
1443 1418 1667 1462 nominat:
1714 1417 1815 1461 Nat.

308 1487 411 1531 hist.
445 1488 533 1531 ind.
567 1489 592 1531 l.
627 1489 652 1531 l.
687 1489 775 1532 Vll.
809 1489 916 1532 Vlll.
950 1489 1002 1532 X.
1066 1488 1330 1540 Suetonius,
1377 1488 1448 1544 qui
1498 1488 1659 1531 eodem
1706 1492 1817 1530 tem-

309 1570 418 1614 pore
457 1557 641 1614 scripsit
683 1571 771 1614 quo
814 1558 1012 1610 Tacitus,
1054 1559 1194 1601 multa
1233 1571 1289 1601 ex
1328 1558 1444 1601 actis
1482 1558 1658 1600 hausit:
1700 1557 1817 1599 Acta

309 1628 488 1684 publica
520 1628 612 1671 Tib.
647 1630 697 1680 5;
747 1629 885 1685 Calig.
920 1630 969 1682 8;
1017 1629 1173 1673 Claud.
1208 1630 1250 1671 41
1287 1633 1425 1682 extr.;
1471 1632 1575 1671 acta
1608 1631 1816 1678 senatus,

308 1697 424 1755 Aug.
465 1698 505 1742 5.
556 1698 654 1755 ipse
702 1698 820 1742 dicit.
890 1698 999 1743 Sine
1047 1698 1182 1743 dubio
1230 1702 1383 1743 autem
1432 1698 1696 1750 Suetonius,
1743 1698 1816 1755 qui

310 1769 445 1824 paulo
469 1761 898 1824 antequam-librum
922 1769 1071 1820 edidit,
1092 1769 1310 1826 magister
1333 1769 1628 1824 epistularum
1652 1769 1816 1821 fuerat,

310 1838 544 1894 permultis
578 1838 690 1882 locis
724 1842 828 1882 acta
861 1838 1044 1883 adhibet
1085 1852 1170 1883 nec
1210 1839 1426 1882 nominat.
1492 1838 1591 1895 Ipse
1631 1838 1817 1882 Tacitus

308 1922 361 1952 se
395 1923 450 1952 ea
484 1908 654 1952 adiisse
687 1909 944 1966 profitetur;
978 1910 1060 1953 sed
1085 1909 1327 1965 quaeritur,
1363 1913 1591 1965 quatenus
1615 1909 1669 1952 iis
1703 1923 1817 1952 usus

305 1980 376 2024 sit.
442 1979 759 2023 Diversissime
792 1981 879 2023 hac
911 1980 966 2023 de
1000 1994 1047 2023 re
1082 1979 1326 2023 iudicatum
1360 1983 1445 2023 est.
1510 1979 1765 2023 Mommsen
1780 1980 1812 2036 6)

308 2050 487 2108 quidem
534 2050 639 2094 dicit
684 2054 788 2094 acta
831 2054 1022 2094 senatus
1055 2050 1335 2107 temporibus
1369 2050 1625 2107 principum
1658 2051 1816 2093 funda-

452 2146 479 2189 ¹)
511 2145 623 2180 Hude
649 2145 686 2180 in
713 2145 876 2180 editione
904 2145 1018 2190 (LipS.
1045 2145 1207 2189 Teubn.)
1238 2156 1324 2190 pag.
1351 2147 1391 2187 2;
1420 2144 1558 2187 Christ,
1586 2145 1813 2180 Geschichte

306 2203 374 2239 der
398 2203 535 2249 griech.
565 2203 642 2238 Litt.
671 2203 861 2239 Miinchen
891 2203 991 2239 1905.
1044 2203 1066 2248 ξ
1094 2203 1174 2239 326.
1227 2203 1344 2247 Idem,
1377 2204 1484 2249 quod
1521 2203 1569 2239 de
1604 2203 1819 2248 Aristotele,

305 2261 379 2296 iam
406 2261 455 2296 de
480 2261 699 2307 Thucydide
725 2262 926 2297 dicendum
952 2262 1107 2305 videtur,
1145 2273 1219 2307 qua
1245 2262 1293 2297 de
1315 2273 1352 2297 re
1373 2262 1417 2297 cf.
1441 2262 1645 2306 Kirchhoff,
1671 2263 1816 2308 Thucy-

309 2319 418 2356 dides
444 2319 521 2356 und
558 2320 638 2356 sein
667 2319 1062 2364 Urkundenmaterial;
1106 2319 1321 2366 Buedinger
1347 2320 1383 2356 in
1411 2322 1655 2357 commentar.
1701 2320 1818 2357 Acad.

308 2377 528 2413 Vindobon.
555 2379 615 2413 vol
642 2380 698 2414 39.

450 2436 478 2482 2)
507 2436 643 2473 Christ.
671 2436 691 2473 l.
718 2448 747 2474 c.
778 2447 862 2484 pag.
897 2438 977 2474 571.

451 2496 479 2540 3)
514 2497 598 2531 eod.
631 2497 727 2540 loco,
760 2508 845 2542 pag.
878 2498 957 2533 578.

451 2554 481 2597 ⁴)
508 2554 769 2599 Wachsmuth‚
798 2555 941 2591 Einleit.
969 2555 1005 2590 in
1026 2554 1094 2590 das
1114 2554 1218 2591 Stud.
1245 2555 1312 2590 der
1331 2555 1429 2590 alten
1457 2555 1597 2591 Gesch.
1626 2566 1711 2601 pag.
1738 2557 1819 2591 244.

451 2612 479 2657 5)
506 2612 616 2654 Quae
644 2613 717 2649 sint
743 2624 787 2649 ea
813 2616 905 2658 acta,
931 2614 1110 2650 incertum
1138 2614 1301 2649 videtur:
1328 2613 1627 2658 Schanz'fflom.
1656 2614 1735 2650 Litt.
1765 2615 1818 2649 112

306 2670 499 2707 Miinchen
532 2672 589 2716 01,
624 2682 709 2717 pag.
744 2672 830 2718 335)
870 2672 957 2708 dicit
991 2674 1073 2708 acta
1111 2672 1240 2718 populi
1268 2683 1355 2707 eum
1391 2672 1625 2717 inspexisse;
1663 2673 1820 2709 Wachs-

307 2729 411 2764 muth
440 2729 477 2774 (1.
503 2740 531 2765 s.
555 2741 640 2775 pag.
667 2731 774 2775 669):
802 2741 888 2766 eum
923 2733 1003 2766 acta
1029 2733 1182 2766 senatus
1216 2731 1474 2776 perlustrasse.
1502 2751 1541 2755 —
1578 2730 1652 2766 Sed
1678 2733 1756 2767 tum
1785 2735 1821 2768 et

306 2789 461 2824 senatus
486 2790 567 2824 acta
604 2790 640 2824 et
672 2789 820 2835 publica
852 2801 930 2825 uno
962 2789 1153 2825 volumine
1187 2789 1489 2835 publicabantur;
1529 2789 1572 2824 cf.
1603 2790 1817 2826 Hirschfeld

305 2858 390 2893 pag.
416 2849 439 2883 3
467 2848 512 2893 [ν.
539 2859 625 2893 pag.
650 2850 696 2884 23
710 2848 765 2894 ¹)].

448 2904 478 2951 6)
512 2905 740 2943 Staatsrecht
775 2907 848 2942 1112
888 2918 973 2954 pag.
1005 2908 1104 2944 1021.
