2090 3320
1033 240 1088 283 34

297 378 491 419 senatus
524 376 719 419 consulti
753 376 1065 433 agnoscimus,
1115 390 1218 420 cum
1258 391 1285 421 a
1316 376 1469 421 Tacito
1509 376 1670 434 paucis
1714 389 1808 420 ver-

299 445 367 488 bis
416 446 662 489 referatur:
717 446 883 489 Datum
934 446 975 489 id
1027 447 1198 491 foederi
1244 449 1429 504 antiquo
1478 452 1522 491 et
1572 447 1675 504 quia
1723 447 1807 492 soli

299 514 531 558 Gallorum
565 515 864 560 fraternitatis
898 529 1063 560 nomen
1098 530 1201 561 cum
1241 519 1407 576 populo
1442 518 1645 563 Romano
1680 531 1807 562 usur-

298 590 419 642 pant.
460 613 515 617 —
559 587 678 631 Loco
722 587 846 631 verbi
886 592 1113 645 usurpant
1152 602 1238 632 nos
1284 589 1435 646 potius
1480 593 1809 646 exspectamus

297 660 587 713 usurparent,
627 661 674 700 at
707 657 908 714 scriptor
946 672 1080 714 quem
1121 659 1162 702 in
1203 659 1452 716 exemplari
1491 659 1659 703 invenit
1700 658 1806 702 indi-

299 728 495 772 cativum
560 728 833 784 praesentis,
894 742 984 772 non
1047 728 1354 782 commutavit,
1425 742 1698 786 quamquam
1752 729 1808 773 70

297 798 479 842 circiter
511 798 616 842 anni
651 798 870 842 interiecti
905 802 1048 842 erant.

440 869 531 928 lam
578 882 697 926 quae
742 869 893 912 XXlll.
940 868 1090 926 capite
1136 872 1382 913 narrantur
1434 882 1525 923 res,
1578 869 1634 913 ad
1688 871 1808 913 hunc

297 945 510 984 senatum
560 939 805 997 pertinent:
861 939 1109 996 Postquam
1170 940 1393 996 primores
1451 940 1636 992 Galliae,
1691 953 1808 996 quae

297 1012 489 1056 Comata
523 1011 747 1067 apellatur
768 1010 815 1065 ¹),
850 1010 919 1054 ius
943 1010 1341 1067 adipiscendorum
1366 1011 1407 1054 in
1442 1011 1551 1054 urbe
1584 1011 1807 1054 honorum

296 1082 624 1138 expetiverunt,
669 1080 832 1125 studiis
866 1080 1060 1125 diversis
1094 1082 1214 1138 apud
1249 1081 1497 1138 principem
1531 1082 1807 1125 certabatur.

295 1152 513 1197 Claudius
546 1154 633 1196 hac
667 1152 722 1195 de
756 1165 803 1196 re
837 1152 878 1195 in
913 1155 1077 1196 senatu
1112 1152 1183 1209 agi
1212 1152 1348 1196 voluit
1380 1156 1628 1209 patresque
1653 1152 1807 1196 decer-

298 1237 406 1267 nere
444 1223 580 1267 videri
616 1225 690 1279 (ct.
725 1223 797 1266 Xl.
832 1224 857 1265 7
891 1222 1022 1277 extr).
1087 1222 1397 1270 Quamobrem
1431 1223 1503 1279 qui
1546 1222 1666 1279 apud
1705 1236 1807 1265 eum

298 1295 554 1347 certabant,
588 1297 833 1338 senatores
865 1293 1012 1336 fuisse
1045 1305 1243 1336 necesse
1276 1296 1360 1336 est.
1426 1292 1696 1349 Priusquam
1731 1306 1807 1336 aua

293 1368 384 1409 tem
432 1363 631 1421 scriptor
675 1364 814 1408 verba
869 1361 1085 1420 principis
1135 1363 1282 1415 affert,
1328 1363 1444 1407 haec
1488 1362 1662 1407 inserit:
1728 1363 1808 1407 l·lis

295 1438 431 1490 atque
464 1435 632 1477 talibus
666 1434 785 1476 haud
821 1437 1057 1489 permotus
1104 1434 1319 1489 princeps
1365 1437 1410 1476 et
1451 1434 1604 1476 statim
1647 1437 1808 1477 contra

295 1504 509 1548 disseruit
542 1508 585 1548 et
618 1508 783 1548 vocato
817 1506 982 1547 senatu
1017 1503 1077 1547 ita
1101 1499 1297 1547 exorsus
1321 1507 1406 1548 est.
1440 1530 1495 1534 ——
1531 1503 1808 1548 Claudiusne

295 1578 400 1617 ante
433 1578 649 1618 vocatum
684 1577 895 1617 senatum
932 1577 1088 1630 patres
1112 1574 1337 1629 quosdam
1371 1574 1427 1616 ad
1462 1586 1514 1616 se
1547 1574 1589 1616 in
1624 1574 1806 1617 domum

295 1643 464 1701 regiam
511 1642 755 1687 accersivit
800 1642 842 1696 (i.
889 1656 927 1686 e.
969 1643 1088 1700 apud
1132 1642 1380 1700 principem
1427 1644 1718 1696 certabatur),
1762 1646 1809 1687 ut

296 1728 399 1758 cum
434 1714 501 1758 eis
535 1715 726 1771 ageret?
774 1714 907 1757 Velut
936 1713 1109 1757 scimus
1134 1714 1390 1771 Augustum
1413 1727 1572 1757 senem
1595 1717 1806 1757 senatum

295 1784 468 1841 domi2)
518 1784 762 1829 habuisse:
817 1783 943 1828 Suet.
991 1784 1104 1841 Aug.
1154 1785 1223 1828 29.
1271 1784 1347 1839 35;
1411 1784 1515 1828 item
1563 1783 1807 1828 Tiberium:

294 1858 443 1899 annal.
480 1856 608 1908 1137;
644 1855 892 1899 Neronem:
926 1856 1076 1898 annal.
1102 1855 1253 1898 X1115.
1317 1855 1365 1899 Si
1399 1869 1515 1911 quae
1549 1858 1710 1899 contra
1739 1854 1809 1898 ius

294 1928 517 1970 honorum
563 1925 704 1969 Gallis
742 1925 1027 1969 tribuendum
1072 1926 1192 1981 apud
1239 1925 1483 1982 principem
1529 1925 1649 1969 dicta
1687 1929 1808 1978 sunt,

294 1997 594 2039 conferuntur
632 2009 734 2039 cum
783 1996 927 2052 ipsius
966 1996 1129 2047 verbis,
1177 1995 1419 2039 similitudo
1463 1996 1687 2051 quaedam
1734 2010 1807 2040 co-

293 2066 542 2123 gnoscitur,
588 2066 718 2122 quasi
754 2065 972 2110 Claudius
1017 2066 1059 2108 in
1105 2069 1270 2109 senatu
1315 2067 1372 2108 ad
1417 2066 1554 2108 verba
1603 2066 1722 2122 apud
1756 2080 1808 2110 se

294 2138 418 2180 facta
453 2137 744 2193 respondeat.
810 2136 1023 2179 Profecto
1057 2149 1160 2179 cum
1196 2136 1315 2191 apud
1360 2135 1605 2192 principem
1641 2136 1808 2180 dictum

291 2221 400 2251 esse
438 2207 655 2258 videatur,
704 2206 823 2263 quod
866 2206 1053 2250 Tacitus
1100 2219 1156 2249 ex
1200 2205 1354 2262 primis
1393 2206 1545 2249 verbis
1579 2206 1808 2263 principis,

232 2284 234 2286 ’
294 2290 382 2333 quo
406 2290 539 2321 nemo
565 2277 689 2334 prius
712 2277 894 2321 locutus
922 2280 1034 2329 erat,
1059 2276 1333 2320 concludere
1352 2276 1515 2333 potuit:
1542 2290 1626 2329 „ne
1645 2290 1807 2321 novam

295 2361 390 2391 rem
426 2349 797 2391 erhorrescerent
837 2351 1037 2404 patres,“
1072 2374 1126 2378 —
1162 2360 1219 2390 ex
1251 2346 1458 2391 oratione
1498 2346 1599 2403 ipsa
1642 2359 1808 2404 cogno·

294 2417 362 2461 sci
389 2417 524 2470 licuit,
552 2431 669 2473 quae
694 2421 830 2461 antea
848 2422 981 2475 gesta
1006 2421 1178 2461 essent.
1214 2417 1314 2460 l-loc
1336 2418 1486 2468 modo,
1516 2417 1635 2472 quod
1658 2417 1809 2461 XXlll.

292 2487 442 2544 capite
488 2487 701 2538 narravit,
746 2487 933 2530 Tacitus
991 2487 1170 2530 invenit.
1244 2486 1384 2531 Simili
1439 2486 1614 2530 ratione
1658 2487 1809 2532 X1125

289 2557 540 2600 Pallantem
580 2556 749 2599 inducit
783 2556 970 2600 Claudio
1009 2556 1293 2608 suadentem,
1340 2556 1443 2612 quid
1483 2557 1602 2612 apud
1642 2561 1799 2614 patres

433 2687 459 2732 ¹)
491 2686 576 2721 Hoc
601 2685 837 2729 adiectivum,
865 2686 970 2730 quod
998 2685 1070 2720 hoc
1097 2686 1180 2720 solo
1203 2686 1286 2720 loco
1307 2686 1408 2730 apud
1429 2686 1597 2722 Tacitum
1619 2688 1795 2733 scriptum

285 2745 459 2791 legimus,
485 2745 522 2781 in
549 2745 720 2781 oratione
748 2743 896 2780 Claudii
926 2744 987 2789 (ll.
1008 2743 1195 2787 columna,
1229 2744 1289 2779 lin.
1310 2744 1371 2789 31)
1400 2746 1611 2790 repperisse
1638 2757 1800 2792 eamque

287 2804 445 2839 obvrem
473 2805 509 2839 et
530 2803 634 2848 quod
656 2803 688 2838 ei
712 2803 931 2837 inusitatum
956 2804 1048 2845 erat,
1076 2812 1143 2847 per
1162 2802 1417 2837 circuitionem
1439 2804 1635 2839 addidisse
1656 2805 1804 2840 videtur

431 2866 459 2912 2)
490 2866 529 2902 ld
569 2866 648 2902 fieri
689 2865 821 2912 potuit,
861 2865 965 2911 quod
1002 2864 1038 2900 in
1073 2866 1177 2910 parte
1209 2865 1347 2902 domus
1385 2865 1576 2903 Palatinae
1614 2867 1796 2914 templum

283 2925 470 2973 Apollinis
498 2927 575 2962 erat
602 2924 723 2972 (Suet.
751 2924 850 2971 Aug.
877 2924 951 2970 29).
