2090 3320
1020 242 1025 247 ,
1053 196 1110 238 50

322 333 513 386 Νέρωνα.
560 331 672 376 Post
704 332 820 376 haec
853 333 992 376 verba
1026 332 1146 389 apud
1172 333 1361 377 Dionem
1396 331 1646 390 prodigium
1677 345 1828 376 narra-

319 405 404 454 tur,
440 402 558 458 quod
595 415 693 454 nos,
735 405 782 445 ut
821 403 876 446 de
911 402 1053 446 Plinio
1093 407 1284 448 auctore
1317 404 1585 462 cogitemus,
1631 415 1829 446 commo-

319 476 407 516 vet.
471 473 675 517 Eundem
721 477 955 517 auctorem
999 473 1135 518 etiam
1182 475 1390 531 proxima
1433 475 1573 518 verba
1619 474 1829 529 produnt.

322 542 520 586 Primum
555 543 610 587 de
644 543 747 587 odio
780 542 1060 600 Agrippinae
1095 547 1140 588 et
1174 544 1416 588 Britannici
1450 543 1611 587 dicitur
1645 542 1829 596 (infesto

319 614 362 656 in
406 626 649 656 novercam
694 613 886 667 animo);
941 618 1053 657 tum:
1105 614 1367 671 Agrippina,
1405 614 1558 670 inquit,
1604 627 1692 669 quo
1743 613 1829 656 vim

320 696 452 727 suam
498 683 639 727 sociis
685 696 865 740 quoque
911 684 1170 728 nationibus
1213 687 1479 736 ostentaret,
1530 683 1572 727 in
1616 683 1829 740 oppidum

323 753 548 806 Ubiorum,
583 754 625 797 in
660 767 748 811 quo
782 755 934 812 genita
968 759 1079 806 erat,
1124 758 1366 797 veteranos
1407 754 1722 810 coloniamque
1755 753 1830 797 de-

322 824 423 867 duci
458 823 684 881 impetrat,
718 826 787 868 cui
823 838 986 869 nomen
1020 825 1206 869 inditum
1241 838 1265 869 e
1297 825 1521 869 vocabulo
1555 824 1712 881 ipsius.
1765 825 1832 868 Ac

320 895 439 937 forte
478 895 724 946 acciderat,
772 899 819 938 ut
862 908 963 938 eam
1009 899 1191 951 gentem
1240 896 1441 939 Rhenum
1487 899 1830 951 transgressam

321 978 436 1008 avus
480 964 682 1021 Agrippa
727 965 768 1008 in
814 964 951 1009 fidem
992 968 1250 1022 acceperat.
1298 992 1353 996 ——
1404 965 1486 1009 l·lis
1531 978 1634 1009 cum
1679 964 1832 1008 verbis

322 1047 660 1090 comparamus,
715 1048 832 1091 quae
885 1034 1067 1078 Tacitus
1120 1035 1207 1078 144
1262 1035 1316 1079 de
1371 1039 1511 1092 partu·
1557 1034 1832 1091 AgrippInae

322 1106 473 1148 refert.
541 1105 598 1148 lbi
633 1104 936 1149 Germanicus
969 1105 1263 1163 Agrippinam
1306 1109 1493 1163 propter
1525 1105 1830 1149 imminentem

323 1180 503 1232 partum
538 1180 583 1221 et
615 1176 808 1220 hiemem
829 1179 859 1229 1)
894 1177 1050 1220 urbem
1076 1177 1291 1221 Ubiorum
1325 1181 1369 1220 et
1403 1180 1558 1220 castra
1592 1175 1648 1220 ibi
1682 1175 1831 1232 posita

323 1246 578 1303 relinquere
624 1247 666 1290 in
711 1246 936 1290 Treveros
982 1246 1137 1290 iubere
1183 1247 1385 1290 traditur.
1450 1246 1541 1305 Jam
1593 1247 1680 1290 alio
1732 1247 1831 1289 loco

324 1320 444 1375 (pag.
478 1319 550 1362 30.
583 1318 657 1373 50)
691 1318 884 1362 vidimus
916 1318 1121 1362 Tacitum
1171 1319 1226 1362 de
1266 1317 1498 1375 Caligulae
1546 1321 1677 1374 partu
1716 1317 1833 1360 falsa

324 1388 569 1431 rettulisse.
632 1387 744 1430 Tum
792 1387 980 1431 Plinium
1027 1387 1126 1431 eius
1173 1391 1408 1431 auctorem
1456 1388 1603 1431 fuisse
1652 1388 1831 1430 conclu-

324 1459 471 1503 simus
517 1458 889 1516 argumentisque
933 1458 1194 1510 statuimus,
1247 1459 1366 1515 quod
1410 1458 1482 1502 hic
1525 1470 1705 1514 quoque
1751 1470 1832 1513 pro

325 1533 451 1573 certo
485 1530 722 1573 habemus.
785 1528 899 1572 Tota
946 1529 1090 1573 oratio
1136 1529 1223 1573 odii
1269 1529 1310 1572 in
1356 1527 1651 1586 Agrippinam
1701 1528 1833 1584 plena

326 1603 411 1652 est,
446 1600 565 1656 quocl
600 1603 671 1643 est
705 1598 969 1642 Plinianum.
1034 1599 1167 1648 Quod
1207 1603 1411 1643 extremo
1451 1599 1600 1655 capite
1639 1598 1694 1642 de
1728 1610 1834 1641 cona

325 1669 535 1727 gruentia
569 1669 799 1712 nominum
834 1672 877 1712 et
911 1682 1059 1713 rerum
1094 1668 1266 1721 dicitur,
1306 1670 1537 1731 idem'est
1570 1667 1832 1720 Plinianum,

326 1740 446 1796 quod
482 1752 616 1783 nemo
651 1739 883 1791 dubitabit,
930 1739 1002 1795 qui
1036 1740 1157 1783 hunc
1190 1738 1459 1796 scriptorem
1492 1739 1629 1782 talem
1663 1737 1833 1781 dierum

327 1814 372 1853 et
404 1813 659 1866 temporum
704 1813 748 1852 et
787 1809 1018 1852 nominum
1063 1822 1344 1853 consensum
1384 1809 1575 1852 libenter
1618 1821 1835 1852 narrasse

326 1880 414 1924 scit
447 1881 521 1934 (cf.
557 1891 659 1937 pag.
693 1880 781 1932 39).

469 1949 695 1995 Proximis
738 1950 963 2007 capitibus
1005 1951 1226 1995 tumultus
1269 1950 1311 1994 in
1359 1950 1604 1995 Germania
1656 1955 1701 1996 et
1745 1951 1834 1995 Bri-

326 2022 482 2066 tannia
523 2021 606 2065 orti
652 2022 984 2065 describuntur.
1049 2021 1206 2078 Neque
1246 2025 1319 2065 est
1357 2021 1554 2074 dubium,
1602 2022 1707 2078 quin
1747 2024 1835 2065 hac

326 2094 381 2138 de
416 2096 569 2137 aetate
601 2093 758 2136 Tacito
793 2094 1053 2149 complures
1085 2097 1300 2136 auctores
1334 2106 1391 2136 ex
1423 2092 1623 2149 optumis
1654 2092 1835 2137 fuerint.

327 2163 495 2208 Paucis
528 2163 660 2207 annis
694 2166 800 2207 ante
834 2163 1003 2207 Plinius
1037 2164 1134 2221 ipse
1168 2164 1210 2207 in
1240 2163 1485 2207 Germania
1517 2164 1665 2207 fuerat
1682 2167 1728 2216 2),
1763 2157 1835 2220 qui

326 2235 506 2280 etiamsi
547 2249 661 2280 suos
701 2236 756 2279 de
796 2235 924 2280 bellis
964 2235 1239 2279 Germaniae
1284 2235 1423 2278 libros
1466 2235 1522 2278 ad
1560 2235 1696 2279 finem
1736 2249 1836 2292 pert

326 2307 519 2350 duxerat
558 2306 632 2362 (ad
673 2319 841 2350 annum
875 2306 964 2361 47),
1010 2310 1134 2349 certe
1174 2305 1468 2349 occasionem
1508 2318 1598 2349 non
1638 2310 1836 2362 praeter-

326 2377 459 2429 misit,
511 2376 614 2434 quin
663 2376 791 2421 alteri
837 2390 922 2421 suo
970 2376 1094 2433 operi
1140 2375 1373 2429 historico,
1432 2389 1747 2434 quaecumque
1792 2377 1835 2421 in

327 2443 572 2490 Germania
607 2451 650 2489 et
676 2447 904 2490 Britannia
929 2451 1062 2503 gesta
1087 2460 1196 2489 esse
1220 2447 1565 2502 exploravisset,
1600 2447 1834 2490 insereret.

327 2517 504 2561 Auctor
536 2516 887 2573 haudquaquam
923 2516 1121 2577 deterior
1151 2515 1292 2560 Taciti
1325 2529 1461 2561 socer
1493 2519 1605 2569 erat,
1649 2516 1722 2573 qui
1756 2529 1837 2573 per

325 2587 419 2631 Xlll
454 2600 604 2630 annos
636 2587 679 2630 in
717 2587 946 2631 Britannia
979 2588 1155 2631 vixerat
1197 2586 1344 2643 ibique
1376 2591 1610 2644 postremo
1643 2587 1836 2630 summis

326 2658 577 2703 honoribus
608 2659 795 2702 functus
829 2662 940 2703 erat.
1004 2658 1152 2715 Atque
1196 2658 1284 2701 hoc
1316 2657 1418 2702 loco
1449 2657 1592 2702 Taciti
1635 2657 1836 2701 narratio

471 2825 498 2867 ¹)
527 2824 734 2870 Agrippina
762 2823 884 2859 minor
910 2824 1003 2859 circa
1030 2823 1175 2858 initium
1203 2823 1290 2858 anni
1317 2823 1396 2858 XV.
1424 2824 1510 2858 nata
1537 2824 1604 2858 est.

470 2883 499 2929 2)
527 2882 587 2919 An
602 2882 675 2919 hoc
689 2882 774 2928 ipso
788 2883 959 2928 tempore
974 2882 1011 2917 in
1027 2881 1232 2918 Germania
1249 2881 1352 2918 erat?
1373 2881 1582 2927 (Muenzer,
1596 2891 1682 2927 pag.
1699 2881 1755 2926 78,
1763 2881 1837 2927 80.)
