2090 3320
999 198 1055 242 35

271 337 453 390 diceret,
498 341 741 394 postquam
789 335 1005 378 Pallantis
1049 336 1187 378 verba
1233 348 1289 378 ex
1336 334 1507 378 Claudii
1555 335 1775 384 oratione,

270 422 403 464 quam
438 408 480 451 in
513 407 629 451 actis
662 410 854 451 senatus
888 410 1164 463 reppererat,
1199 405 1408 462 sumpsit.
1474 405 1775 462 lntellegimus

270 478 401 535 igitur
456 477 725 534 scriptorem
779 478 835 520 ad
901 477 1252 520 XXll.-XXlV.
1320 476 1470 533 capita
1535 474 1777 518 scribenda

268 548 385 592 actis
417 551 609 591 senatus
643 561 774 591 usum
809 561 929 591 esse.

409 618 637 663 Vicesimo
690 618 843 675 quinto
907 618 1055 675 capite
1109 622 1340 675 postrema
1398 621 1502 661 acta
1566 615 1775 660 censoria

269 688 440 733 Claudii
474 693 818 733 enumerantur:

278 759 313 816 1)
348 759 697 804 Vetustissimos
760 764 965 813 senatus,
1028 763 1106 803 aut
1169 759 1331 815 quibus
1395 758 1501 802 clari
1560 761 1775 814 parentes

479 831 673 884 fuerant,
708 831 749 874 in
784 844 1021 875 numerum
1056 829 1347 887 patriciorum
1381 828 1555 872 ascivit.

266 901 310 957 2)
346 900 615 957 Complures
648 906 913 946 senatorum
948 901 1137 946 comiter
1171 902 1380 944 hortatus
1414 903 1498 950 est,
1536 903 1582 942 ut
1611 912 1773 942 secum

477 974 668 1031 quisque
702 973 757 1017 de
790 986 843 1017 se
876 973 1138 1016 consuleret
1178 975 1443 1028 peteretque
1476 969 1545 1014 ius
1580 969 1772 1013 exuendi

478 1044 662 1088 ordinis.
1205 1059 1207 1061 ·

266 1115 310 1171 3)
347 1114 644 1170 Condiditque
678 1114 879 1157 lustrum.

268 1185 445 1228 interim
469 1185 716 1241 Vipstanus
749 1185 908 1227 consul
934 1183 1101 1227 rettulit
1124 1187 1297 1239 patrem
1322 1186 1514 1226 senatus
1545 1183 1774 1238 appellan-

265 1255 369 1298 dum
404 1267 511 1315 esse
545 1254 781 1298 Claudium
802 1288 949 1306 ......
997 1255 1117 1297 hanc
1156 1254 1428 1296 sententiam
1468 1252 1603 1296 etiam
1645 1265 1774 1309 argu⁶

265 1324 430 1369 mentis
462 1324 643 1368 firmare
678 1327 872 1368 conatus
913 1327 1156 1368 recusante
1190 1324 1475 1380 imperatore.
1540 1323 1657 1366 lnter
1699 1335 1775 1366 res

264 1396 501 1438 censorias
535 1394 748 1450 principis
782 1394 819 1437 si
854 1408 944 1437 una
977 1395 1096 1449 quod
1136 1395 1178 1436 in
1213 1398 1375 1437 senatu
1410 1394 1587 1445 accidit,
1622 1407 1776 1437 narra-

263 1468 347 1518 tur,
382 1464 650 1522 praesertim
684 1464 721 1507 si
764 1477 866 1508 cum
898 1477 1088 1508 munere
1122 1464 1331 1508 censorio
1366 1464 1657 1507 coniunctum
1691 1467 1776 1516 est,

265 1535 305 1577 id
340 1534 439 1577 sine
463 1534 598 1577 dubio
624 1534 805 1590 dignum
830 1538 913 1585 est,
949 1535 1068 1589 quod
1092 1535 1375 1585 observetur,
1409 1534 1528 1589 quod
1552 1535 1620 1576 sic
1644 1534 1775 1577 nobis

264 1607 468 1661 apparet,
515 1604 634 1647 unde
680 1603 877 1660 scriptor
921 1605 1037 1648 haec
1082 1603 1343 1660 sumpserit.
1407 1629 1462 1633 —
1525 1603 1775 1659 Vipstanus

263 1676 424 1719 consul
473 1676 623 1730 palam
673 1674 859 1718 Claudio
906 1678 1091 1731 propter
1134 1674 1285 1718 mitem
1330 1674 1427 1718 eius
1474 1674 1515 1717 in
1562 1678 1773 1717 senatum

263 1746 484 1790 rationem
531 1745 672 1804 gratis
720 1745 825 1803 agit.
889 1745 1211 1803 Suspicamurf
1243 1745 1374 1803 igitur
1428 1744 1677 1802 principem
1731 1744 1774 1788 in

262 1821 427 1860 senatu
473 1830 629 1860 coram
678 1817 888 1861 omnibus
937 1818 1207 1874 complures,
1269 1821 1316 1860 ut
1368 1821 1532 1860 senatu
1586 1816 1773 1868 exirent,

263 1887 510 1931 monuisse.
576 1887 669 1931 Sed
716 1888 803 1931 iam
853 1886 954 1931 cum
1003 1888 1345 1932 vetustissimos
1393 1888 1435 1931 in
1486 1887 1774 1944 patriciorum

262 1972 496 2002 numerum
542 1958 839 2010 adscisceret,
891 1960 1010 2002 hanc
1062 1972 1156 2002 rem
1205 1972 1307 2002 cum
1354 1962 1519 2002 senatu
1569 1957 1773 2014 longiore

261 2027 468 2071 oratione
513 2028 876 2072 communicavit.
941 2029 1170 2080 Videmus,
1217 2028 1381 2084 quibus
1426 2028 1595 2079 causis,
1646 2027 1686 2070 id
1729 2032 1776 2069 ut

260 2097 447 2149 faceret,
483 2102 740 2141 commotus
775 2099 852 2141 sit:
887 2099 1005 2154 quod
1041 2111 1217 2154 paucae
1245 2098 1332 2142 iam
1356 2097 1551 2141 familiae
1575 2096 1775 2152 reliquae

265 2172 407 2220 erant,
458 2181 573 2224 quas
619 2168 836 2212 Romulus
886 2168 1105 2211 maiorum
1158 2172 1201 2211 et
1247 2169 1289 2211 L.
1341 2168 1506 2211 Brutus
1553 2166 1775 2211 minorum

260 2238 459 2295 gentium
505 2239 861 2295 appellaverant;
919 2264 974 2268 —
1032 2238 1151 2293 quod
1200 2239 1455 2281 exhaustae
1500 2242 1630 2281 erant
1676 2250 1775 2290 eae,

262 2322 378 2365 quas
412 2309 605 2352 dictator
638 2308 813 2353 Caesar
853 2309 952 2365 lege
988 2307 1152 2353 Cassia
1196 2312 1239 2351 et
1281 2308 1494 2364 princeps
1536 2307 1777 2365 Augustus

261 2380 361 2436 lege
394 2379 562 2423 Saenia
596 2380 850 2436 sublegere.

404 2454 535 2498 Utin
570 2455 774 2498 oratione
819 2455 875 2498 de
924 2454 1018 2498 iure
1064 2457 1287 2498 honorum
1331 2453 1562 2497 Gallorum
1607 2454 1775 2498 habita

260 2524 320 2567 ita
363 2524 434 2567 hic
475 2523 691 2568 Claudius
737 2525 793 2568 ab
841 2524 1170 2580 antiquissimis
1215 2524 1498 2580 temporibus
1546 2524 1773 2580 (Romulo,

259 2594 412 2650 incipit
468 2598 512 2639 et
565 2609 658 2639 rem
714 2609 858 2652 usque
911 2595 968 2639 ad
1018 2595 1176 2639 Divum
1236 2594 1493 2652 Augustum
1553 2594 1775 2651 perducit)

258 2663 428 2708 Similia
481 2665 669 2721 saepius
717 2665 1007 2709 senatoribus
1062 2665 1272 2721 exposita
1325 2678 1433 2709 esse
1488 2678 1775 2720 persuasum,

259 2733 390 2777 nobis
425 2738 516 2778 est:
563 2735 678 2778 Nam
723 2735 869 2779 omnis
903 2736 988 2787 lex,
1036 2740 1083 2779 ut
1128 2736 1417 2792 perferretur,
1461 2739 1598 2779 antea
1643 2749 1777 2793 argu-

260 2804 426 2848 mentis
459 2805 623 2861 exponi
669 2808 714 2849 et
759 2805 1067 2849 commendari
1115 2805 1297 2849 suaderi
1343 2805 1516 2848 firmari
1561 2805 1776 2849 debebat:

261 2874 561 2920 Referendum
602 2881 713 2930 erat,
763 2878 992 2934 quomodo
1034 2890 1122 2931 res,
1166 2878 1221 2921 de
1260 2891 1348 2934 qua
1392 2877 1626 2935 agebatur,
1675 2881 1776 2921 orta

1569 2959 1611 2993 3*
