2090 3320
995 195 1049 239 27

262 346 347 377 sua
380 332 590 378 censoria
623 347 726 378 cum
759 337 924 378 senatu
948 333 1362 386 communicaverit,
1396 346 1453 377 ex
1486 332 1615 377 cuius
1638 332 1767 385 actiS,

262 417 379 460 quae
402 405 565 448 idonea
590 404 860 457 viderentur,
894 405 1011 449 actis
1034 405 1207 449 diurnis
1229 403 1559 460 tradebantur).
1598 403 1768 447 Plinius

262 474 378 518 enim
423 475 465 517 in
507 475 616 518 libro
662 474 735 531 qui
781 475 1038 519 inscribitur
1077 475 1403 533 Panegyricus,
1456 476 1571 519 haec
1614 474 1770 518 scribit

263 544 368 601 (cap
388 544 495 601 ‚75):
521 579 530 588 .
556 579 564 588 .
591 579 598 588 .
625 579 633 588 .
668 558 785 602 quae
817 559 915 598 vos,
949 548 1106 603 patres
1139 544 1400 602 conscripti,
1443 558 1499 588 ne
1523 558 1612 601 qua
1636 544 1768 588 inter-

262 615 432 671 ciperet
465 615 642 668 oblivio,
683 619 727 659 et
759 615 801 660 in
836 616 1015 673 publica
1054 620 1159 660 acta
1197 616 1414 660 mittenda
1453 620 1497 658 et
1530 615 1768 658 incidenda

262 684 303 728 in
349 699 456 729 aere
501 685 762 729 censuistis.
818 686 966 730 Antea
1012 686 1243 730 orationes
1294 686 1544 743 principum
1592 688 1768 729 tantum

262 755 483 799 eiusmodi
516 768 683 813 genere
716 760 1112 801 monumentorum
1136 756 1340 800 mandari
1372 755 1629 800 aeternitati
1652 757 1769 800 sole·

260 826 381 878 bant,
428 827 784 870 acclamationes
831 827 1011 883 quidem
1063 830 1250 870 nostrae
1298 825 1545 882 parietibus
1590 825 1769 868 claude-

261 895 437 938 bantur.
471 922 527 926 —
561 896 663 944 Qua
697 910 754 940 ex
786 910 834 940 re
866 897 982 941 satis
1015 895 1357 953 cognoscimus,
1405 909 1539 951 quam
1575 895 1772 938 breviter

263 965 494 1009 orationes
528 966 776 1023 principum
822 970 866 1010 et
898 966 1061 1019 omnia,
1114 979 1231 1023 quae
1264 966 1320 1009 ad
1356 979 1438 1009 eos
1473 966 1769 1022 pertinebant,

262 1037 403 1079 relata
436 1040 539 1089 snt,
589 1041 637 1080 ut
669 1038 942 1082 concludere
975 1038 1108 1082 liceat
1140 1037 1246 1081 Xlll.
1284 1041 1421 1093 caput
1453 1050 1509 1080 ex
1542 1037 1658 1080 actis
1692 1050 1768 1093 pu-

263 1106 392 1149 blicis
426 1107 611 1163 petitum
646 1121 767 1152 esse.
823 1109 914 1153 Sed
950 1110 1109 1152 eodem
1144 1108 1240 1151 iure
1275 1109 1393 1150 hand
1428 1108 1525 1151 scio
1559 1121 1616 1150 an
1650 1107 1769 1150 dica*

262 1190 363 1220 mus
395 1177 612 1229 Tacitum,
652 1191 768 1234 quae
802 1178 952 1222 multis
986 1178 1136 1222 verbis
1169 1178 1313 1222 relata
1348 1178 1391 1221 in
1425 1177 1542 1221 actis
1575 1181 1768 1221 senatus

261 1247 469 1303 repperit,
504 1247 546 1289 in
580 1248 699 1290 hanc
730 1249 924 1291 formam
960 1247 1212 1304 redegisse.

403 1330 494 1388 Jam
548 1344 654 1375 vero
708 1332 762 1375 de
817 1345 1005 1375 numero
1048 1332 1311 1383 litterarum,
1366 1345 1498 1387 quem
1553 1331 1770 1375 Claudius

261 1413 428 1443 censor
474 1400 611 1452 auxit,
662 1402 790 1457 plura
839 1401 1030 1444 dicenda
1078 1405 1198 1444 sunt.
1264 1401 1379 1443 Nam
1428 1402 1500 1443 vix
1548 1402 1771 1457 putaverit

262 1469 483 1527 quispiam
517 1473 660 1515 totum
697 1470 805 1516 XlV.
840 1475 991 1529 caput,
1018 1482 1128 1528 ‘quo
1163 1471 1394 1515 historiam
1430 1471 1679 1515 litterarum
1714 1484 1770 1515 ex

262 1540 589 1597 antiquissimis
634 1543 914 1598 temporibus
953 1547 1153 1594 enarrat,
1200 1542 1241 1584 in
1285 1543 1400 1585 actis
1440 1542 1630 1599 publicis
1667 1555 1769 1585 eum

262 1611 506 1663 invenisse,
541 1611 581 1655 id
616 1612 735 1668 quod
769 1612 825 1656 de
849 1613 1015 1656 ceteris
1049 1612 1210 1657 edictis
1234 1613 1456 1657 censoriis
1480 1613 1586 1656 Xlll.
1621 1612 1770 1668 capite

262 1680 541 1724 enumeratis
596 1682 786 1738 primum
842 1683 1129 1726 dixeramus·
1183 1683 1452 1739 Priusquam
1507 1686 1659 1726 autem
1713 1682 1769 1724 ad

262 1753 381 1794 hanc
414 1764 510 1794 rem
545 1752 731 1809 propius
771 1753 1049 1805 accedimus,
1094 1754 1400 1805 conferamus,
1450 1767 1566 1809 quae
1601 1752 1770 1796 Plinius

262 1821 303 1864 in
338 1820 539 1866 Naturali
574 1823 762 1866 historia
798 1823 886 1876 <Vll
921 1824 977 1866 56
1010 1825 1034 1878 ξ
1067 1824 1160 1877 192)
1196 1823 1251 1867 de
1286 1823 1444 1867 litteris
1477 1825 1629 1875 refert,
1668 1836 1770 1866 curn

260 1891 401 1935 Taciti
436 1893 585 1936 verbis
619 1894 692 1947 (Xl
729 1896 813 1945 14):

263 2006 375 2042 Primi
420 2016 487 2051 per
529 2004 671 2058 figuras
717 2003 937 2039 animalium
978 2004 1152 2051 Aegyptii
1227 2004 1279 2040 Pi.
1371 2004 1430 2039 alii
1445 2003 1773 2050 apudAegyptios

263 2074 399 2100 sensus
427 2062 563 2098 mentis
591 2060 825 2106 effingebant
852 2063 913 2107 (ea
940 2063 1154 2108 antiquissi-
1226 2063 1397 2105 (litteras)
1430 2065 1596 2108 repertas
1632 2063 1772 2097 volunt.

262 2133 322 2158 ma
363 2121 595 2157 monimenta
628 2119 836 2155 memoriae
875 2120 1065 2156 humanae
1102 2121 1154 2156 in=

262 2191 393 2227 pressa
420 2180 521 2216 saxis
548 2179 764 2221 cernuntur)
800 2180 836 2214 et
868 2179 1069 2215 litterarum
1099 2190 1154 2215 se:

262 2242 339 2275 niet
359 2238 575 2274 inventores
597 2237 806 2283 perhibent,
827 2237 916 2272 inde
933 2237 1154 2280 Phoenicas,
1432 2261 1435 2264 -
1644 2241 1773 2285 utique

264 2298 351 2344 quia
378 2297 469 2333 mari
503 2296 799 2343 praepollebant,
837 2295 1008 2332 intulisse
1039 2295 1154 2331 Grae:
1226 2299 1262 2334 in
1290 2299 1486 2335 Graeciam
1514 2299 1685 2334 intulisse

261 2357 340 2392 ciae
366 2356 603 2402 gloriamque
637 2355 808 2399 adeptos,
845 2354 952 2399 quasi
985 2364 1155 2400 reppere-

263 2415 344 2458 rint,
371 2424 469 2460 quae
496 2415 729 2458 acceperant.
781 2412 935 2458 Quippe
968 2412 1069 2447 fama
1100 2414 1156 2447 est

262 2472 452 2508 Cadmum
480 2471 601 2507 classe
624 2470 857 2506 Phoenicum
886 2473 1033 2507 vectum
1061 2471 1157 2506 rudi·
1346 2480 1366 2504 e
1399 2470 1587 2506 Phoenice
1614 2471 1775 2514 Cadmo,

261 2531 333 2566 bus
359 2530 483 2565 adhuc
508 2529 740 2564 Graecorum
774 2529 927 2574 populis
962 2529 1049 2564 artis
1076 2528 1157 2564 eius

261 2591 451 2626 auctorem
516 2588 646 2624 fuisse.
715 2586 882 2630 Quidam
946 2587 1155 2634 Cecropem

261 2648 533 2684 Atheniensem
579 2648 638 2683 vel
685 2648 816 2682 Linum
855 2647 1078 2682 Thebanum
1123 2648 1159 2682 et
1231 2648 1394 2683 sedecim
1429 2659 1598 2692 numero,
1637 2649 1774 2694 quibus

260 2708 497 2753 temporibus
518 2706 691 2743 Troianis
716 2705 961 2742 Palamedem
978 2705 1157 2752 Argivum
1231 2706 1395 2742 Troiano
1416 2707 1516 2743 bello
1535 2707 1774 2742 Palamedem

262 2767 476 2801 memorant
527 2765 695 2800 sedecim
750 2765 953 2801 litterarum
1005 2763 1158 2807 formas,
1231 2765 1414 2800 adiecisse
1441 2768 1617 2810 quattuor
1649 2793 1774 2801 .....

261 2835 352 2860 mox
378 2824 476 2860 alios
502 2835 545 2860 ac
571 2823 771 2869 praecipue
798 2822 1032 2860 Simonidem
1060 2824 1156 2859 cete:
1229 2822 1385 2859 totidem
1421 2827 1508 2869 post
1543 2835 1628 2860 eum
1656 2824 1776 2860 Simo-

262 2892 324 2917 ros
358 2882 579 2930 repperisse.
630 2881 679 2918 At
717 2882 753 2917 in
789 2882 891 2918 ltalia
931 2881 1074 2917 Etrusci
1109 2882 1157 2917 ab
1229 2882 1356 2917 nidem
1385 2882 1571 2919 melicum.
