2090 3320
897 228 1169 292 „fii-

281 370 429 412 minus
461 370 578 411 haec
611 368 751 410 verba
785 368 840 410 de
884 358 1207 422 quaestoribus
1257 378 1313 408 ex
1358 364 1566 407 oratione
1616 364 1788 407 Claudii

281 439 322 481 in
355 441 522 482 senatu
555 437 709 480 habita
752 440 935 492 sumpta
977 436 1081 488 sint,
1130 449 1219 492 qua
1262 433 1464 479 notitiam
1507 433 1788 490 antiquitatis

280 509 453 564 profert
492 507 567 559 (cf.
607 506 662 549 Xl
693 508 769 559 14).
834 507 945 550 Tum
992 506 1151 549 mirum
1191 505 1378 557 videtur,
1428 504 1546 560 quod
1586 504 1785 554 Tacitus,

279 588 412 632 quem
447 576 596 631 ipsum
630 576 891 619 continuam
926 575 1160 619 historiam
1194 574 1394 618 muneris
1428 573 1676 631 quaestorii
1711 573 1784 617 de-

279 646 403 689 disse
446 646 510 688 Fr.
546 646 634 688 Leo
675 646 908 689 contendit
949 650 1102 702 (quam
1142 658 1197 688 ex
1237 646 1347 687 libro
1387 645 1584 700 quodam
1608 647 1637 695 ¹)
1678 643 1786 686 iuris

279 715 441 772 publici
466 728 569 772 eum
594 716 853 772 sumpsisse
877 716 1013 769 dicit),
1047 715 1192 759 tribus
1216 714 1407 758 diversis
1440 713 1554 757 locis
1587 713 1782 757 eandem

279 788 417 829 refert
451 799 547 829 rem
582 787 731 840 (Xl22
771 788 913 831 Xlll5
953 787 1153 840 Xlll29).
1218 787 1283 829 Ex
1323 799 1378 829 ea
1416 787 1516 829 sola
1557 798 1701 828 causa
1743 784 1784 827 id

278 856 557 913 intellegitur,
602 858 721 913 quod
754 858 965 914 scriptor,
1011 861 1058 900 ut
1103 869 1265 900 omnes
1309 868 1466 899 eorum
1511 858 1784 911 temporum,

277 927 481 971 ordinem
515 930 724 971 annalem
758 933 948 972 secutus
982 942 1070 971 non
1105 928 1258 971 omisit
1293 926 1376 969 nisi
1411 925 1659 980 exemplari
1694 938 1779 967 suo

277 996 501 1041 inductus,
547 997 595 1042 Si
628 998 716 1042 hoc
749 998 804 1042 de
839 1011 1026 1042 munere
1052 996 1315 1055 quaestorio
1350 996 1391 1039 in
1427 999 1593 1039 senatu
1628 997 1781 1037 actum

277 1072 361 1118 est,
396 1082 483 1122 qua
517 1069 572 1111 de
605 1082 653 1111 re
688 1069 758 1111 vix
791 1069 983 1111 dubitari
1016 1072 1180 1124 potest,
1215 1072 1351 1110 antea
1385 1067 1426 1108 id
1460 1066 1580 1121 quod
1615 1078 1780 1107 novum

273 1138 519 1189 ferebatur,
554 1138 767 1193 explicari
803 1138 968 1190 debuit,
1007 1139 1301 1194 quamobrem
1338 1136 1625 1180 referendum
1667 1138 1780 1187 erat,

276 1209 501 1262 quomodo
537 1222 700 1251 munus
730 1210 1039 1265 quaestorium
1065 1222 1122 1252 ex
1145 1207 1473 1264 antiquissimis
1496 1206 1779 1262 temporibus

275 1280 503 1322 excultum
537 1283 677 1323 esset.
741 1280 844 1327 Quo
885 1292 1238 1330 commovemur,
1285 1282 1332 1322 ut
1370 1277 1527 1321 Tacito
1570 1277 1642 1320 hic
1675 1280 1781 1320 acta

274 1351 467 1391 senatus
499 1348 842 1393 fundamentum
876 1349 1022 1393 fuisse
1057 1348 1277 1392 dicamus.

418 1418 621 1461 l³eliciter
654 1419 830 1470 accidit,
874 1419 994 1473 quod
1028 1419 1173 1462 oratio
1209 1418 1395 1469 Claudii,
1436 1431 1492 1460 ex
1526 1430 1630 1472 qua,
1664 1429 1781 1471 quae

274 1486 345 1530 his
391 1487 537 1530 tribus
580 1488 1012 1544 capstibusinsunt,
1057 1488 1244 1532 Tacitus
1283 1487 1492 1544 sumpsit,
1538 1486 1781 1530 maximam

275 1561 450 1613 partem
474 1558 530 1601 ad
554 1560 740 1603 verbum
765 1564 1039 1603 conservata
1062 1567 1134 1603 est
1156 1559 1228 1602 illa
1250 1560 1405 1603 tabula
1430 1557 1779 1616 Lugdunensi2),

275 1626 523 1680 infeliciter,
572 1629 691 1683 quod
744 1642 799 1672 ea
848 1629 947 1685 ipsa
992 1643 1114 1686 pars,
1164 1643 1297 1685 quam
1343 1628 1528 1672 Tacitus
1577 1627 1781 1684 pluribus

274 1698 455 1749 rettulit,
491 1698 633 1753 periit.
697 1690 1022 1743 Nihilo'setius
1055 1700 1347 1743 manifestum
1380 1699 1444 1751 fit,
1489 1712 1578 1754 qua
1610 1698 1701 1742 fide
1735 1701 1780 1741 et

274 1766 501 1823 diligentia
533 1768 733 1821 Tacitus,
780 1782 896 1825 quae
930 1770 972 1812 in
1006 1771 1122 1813 actis
1155 1774 1347 1814 senatus
1382 1771 1593 1826 repperit,
1634 1768 1778 1812 reddi-

274 1837 387 1881 derit
405 1838 452 1894 3).
515 1838 600 1883 Vix
633 1839 751 1883 enim
786 1840 1033 1898 putandum
1073 1844 1145 1886 est
1176 1841 1366 1885 similem
1407 1841 1608 1885 tabulam
1642 1842 1779 1896 atque

275 1911 623 1967 Lugdunensem
658 1912 793 1954 etiam
829 1912 998 1955 Romae
1033 1913 1228 1968 positam
1262 1925 1384 1964 esse,
1425 1925 1558 1967 quam
1592 1911 1779 1954 Tacitus

272 1980 498 2037 inspicere
531 1980 739 2037 potuerit.
803 1982 1114 2030 Quamobrem
1147 1982 1390 2026 admodum
1425 1981 1657 2038 probabile
1692 1986 1777 2032 est,

271 2050 476 2093 Tacitum
510 2051 581 2095 hic
615 2051 731 2095 actis
765 2056 957 2096 senatus
991 2065 1123 2096 usum
1148 2065 1269 2096 esse.
1313 2052 1439 2096 Sane
1461 2053 1581 2095 hanc
1605 2051 1777 2096 Claudii

271 2121 538 2173 orationem,
585 2135 702 2177 quae
751 2135 832 2177 pro
881 2123 1106 2179 elegentia
1154 2122 1337 2179 generis
1383 2122 1559 2165 dicendi
1607 2122 1777 2165 Tacitei

272 2204 432 2247 parum
481 2192 686 2248 perfecta
734 2192 926 2249 ingenio,
976 2193 1212 2236 elaborata
1260 2192 1482 2235 industria
1530 2196 1642 2245 erat,
1691 2205 1776 2235 suo

271 2262 447 2305 dicendi
491 2263 646 2318 generi
690 2262 1065 2306 accommodavit.
1129 2263 1232 2311 Quo
1276 2264 1376 2305 loco
1423 2263 1634 2305 nolumus
1687 2275 1775 2306 non

271 2345 634 2376 commemorare
667 2346 724 2376 ne
757 2332 829 2376 hic
862 2333 1039 2389 quidem
1071 2333 1307 2377 Claudium
1342 2333 1564 2377 Etruscos
1596 2333 1776 2376 silentio

272 2402 582 2459 praeteriisse,
641 2416 833 2459 quorum
887 2404 1075 2461 saepius
1133 2417 1236 2448 eum
1290 2404 1566 2449 mentionem
1618 2405 1776 2449 facere

269 2473 461 2516 vidimus
495 2476 567 2526 (cf.
602 2474 659 2516 Xl
685 2476 729 2517 14
752 2478 882 2527 extr.)
933 2475 1077 2518 Etiam
1112 2488 1229 2531 quae
1261 2477 1385 2518 hanc
1427 2475 1642 2532 principis
1675 2488 1775 2518 ora-

268 2543 437 2588 tionem
483 2545 525 2588 in
570 2549 734 2589 senatu
780 2548 941 2589 secuta
985 2549 1105 2597 sunt,
1159 2545 1357 2602 scriptor
1401 2545 1523 2590 initio
1569 2546 1775 2602 proxumi

269 2614 432 2670 capitis
493 2618 676 2658 enarrat
737 2615 941 2669 (XXlV.):
1012 2615 1278 2659 Orationem
1338 2615 1553 2673 principis
1612 2619 1775 2659 secuto

270 2688 447 2741 patrum
488 2687 698 2730 consulto
724 2721 904 2731 ......
969 2687 1117 2743 Ipsam
1157 2687 1600 2744 argumentationem
1641 2686 1775 2730 huius

413 2790 440 2836 ¹)
467 2802 500 2827 v.
527 2802 612 2837 pag.
638 2792 683 2827 32
709 2792 836 2828 adnot.
864 2793 894 2828 1.

412 2850 440 2892 2)
469 2849 529 2895 CJ
548 2850 671 2885 LXlll
703 2850 793 2886 1668
819 2869 864 2880 :z
893 2850 1043 2886 Dessau
1069 2852 1148 2886 212.

413 2908 441 2953 ³)
469 2907 776 2957 Schmidtmayer,
787 2910 966 2947 Zeitschr.
978 2910 1037 2946 fiir
1047 2911 1177 2947 osterr.
1186 2910 1432 2958 Gymnasien.
1445 2911 1516 2948 vol.
1528 2913 1584 2947 41.
1596 2923 1682 2958 pag.
1692 2911 1773 2949 869.

1568 2983 1590 3017 3
