2090 3320
979 189 982 193 ’
1033 175 1084 218 15

300 326 387 368 que
420 300 681 357 eorumdem
714 317 968 369 temporum
1002 314 1131 357 actis.
1195 312 1328 362 Quod
1352 311 1536 355 Tacitus
1559 311 1803 355 ablativum

301 387 346 443 et
379 383 761 440 praepositionem
802 383 922 441 apud
963 397 1051 427 una
1085 382 1221 442 ponit,
1264 383 1321 427 cf.
1357 381 1453 426 1113
1501 381 1639 439 (apud
1680 384 1724 425 et
1761 380 1804 424 in

301 466 403 497 cum
437 454 587 506 ablat„
628 454 684 497 cf.
720 453 827 511 181).
891 454 1024 502 Quod
1058 454 1314 511 Nipperdey
1354 465 1603 510 pronomen
1644 465 1803 495 eorun-

300 524 402 567 dem
436 524 634 580 ineptum
668 525 882 578 nominat,
916 525 1104 570 libenter
1131 539 1233 570 eum
1257 523 1502 581 sequimur,
1536 523 1618 567 sed
1642 522 1803 567 eodem

299 593 393 638 iure
427 593 492 638 eis
531 594 693 648 verbis,
728 609 844 652 quae
881 595 1017 639 scribi
1049 596 1159 640 vult:
1194 598 1438 648 „auctores
1471 597 1804 649 senatoresque

300 665 575 708 eorundem“
608 670 861 723 temporum
896 680 981 710 nos
1020 667 1291 711 offendimur
1331 669 1467 721 atque
1507 663 1802 720 proponimus

299 735 417 778 hanc
462 735 751 792 scripturam:
811 736 1000 793 Reperio
1045 737 1163 794 apud
1209 739 1424 780 auctores
1469 733 1802 791 senatoriisque

300 818 457 848 eorum
490 809 743 862 temporum
777 806 892 850 actis
926 807 1119 863 (syllaba
1153 807 1265 849 dem
1300 809 1484 862 propter
1513 806 1803 859 διττογραφίαν

300 874 479 932 deleta).
543 876 748 932 Namque
780 876 878 933 ipse
911 890 1023 920 usus
1046 875 1255 933 loquendi
1278 874 1492 920 Taciteus
1515 873 1647 918 nobis
1669 885 1802 930 argu-

300 949 451 990 mento
485 950 567 1000 est,
602 947 674 1004 qui
707 947 902 1004 scriptor
933 948 1071 991 verbo
1105 946 1371 1003 reperiundi,
1412 950 1459 989 ut
1491 943 1717 1003 significet
1749 957 1802 987 se

298 1016 461 1073 aliquid
494 1018 648 1074 scripti
674 1018 958 1074 quaesivisse
991 1022 1034 1062 et
1066 1018 1248 1075 legisse,
1282 1017 1454 1074 septies
1484 1017 1526 1060 in
1560 1015 1801 1060 annalibus

297 1087 446 1140 utitur,
482 1101 597 1144 quos
630 1089 758 1132 locos
792 1088 863 1132 hic
896 1088 1233 1145 componimus:

357 1157 431 1201 181
467 1159 582 1201 adeo
632 1158 812 1201 diversa
860 1172 949 1202 non
998 1158 1132 1201 modo
1181 1158 1300 1213 apud
1349 1161 1577 1209 auctores,
1627 1158 1709 1201 sed
1759 1157 1800 1200 in

510 1228 652 1284 ipsius
687 1228 730 1285 (i.
764 1241 802 1271 e.
836 1227 1014 1284 Tiberii)
1049 1227 1331 1272 orationibus
1364 1227 1659 1284 reperiuntur.

344 1297 449 1342 1188
483 1298 656 1356 reperio
690 1299 809 1355 apud
842 1297 1091 1354 scriptores
1126 1297 1478 1354 (senatoriisque
1511 1310 1666 1341 eorum
1690 1300 1799 1340 tem-

509 1382 668 1425 porum
702 1369 850 1425 actis).
1669 1423 1680 1435 ·

327 1438 376 1482 lll
394 1440 422 1483 3
484 1452 573 1482 non
593 1440 711 1495 apud
736 1443 951 1483 auctores
970 1452 1131 1491 rerum,
1156 1452 1245 1482 non
1266 1438 1424 1482 diurna
1440 1442 1646 1482 actorum
1662 1438 1807 1494 scrip--

508 1513 608 1553 tura
642 1509 830 1566 reperio.

328 1580 451 1624 11158
484 1594 588 1624 nam
623 1580 664 1623 in
698 1580 820 1624 libris
854 1579 1229 1639 caerimoniarum
1264 1579 1458 1636 reperiri.

326 1650 380 1693 1V
397 1651 453 1694 53
487 1651 660 1707 repperi
694 1651 735 1694 in
771 1650 1108 1694 commentariis
1141 1650 1415 1706 Agrippinae
1447 1650 1578 1693 filiae.

325 1720 377 1764 Vl
396 1721 421 1764 7
485 1720 701 1778 originem
718 1734 825 1765 non
859 1720 1049 1778 repperi.

298 1790 378 1834 XV
391 1792 448 1834 74
480 1791 654 1847 reperio
688 1791 728 1833 in
763 1791 1100 1834 commentariis
1133 1794 1337 1834 senatus,

297 1860 531 1905 Vocabulo
585 1861 836 1917 reperiundi
889 1861 949 1905 ita
1001 1861 1185 1905 Tacitus
1238 1874 1467 1916 nunquam
1528 1861 1583 1904 de
1642 1861 1802 1917 quovis

297 1931 407 1974 libro
452 1931 668 1974 historico
717 1945 829 1974 usus
863 1936 946 1983 est,
995 1932 1077 1975 sed
1110 1945 1162 1974 se
1202 1930 1459 1987 repperisse
1503 1930 1666 1987 aliquid
1713 1945 1801 1975 non

298 2000 403 2044 dicit
435 2000 518 2043 nisi
559 2000 600 2043 in
640 2000 769 2053 actis,
809 2001 851 2043 in
892 2000 1230 2044 commentariis
1268 2004 1473 2052 senatus,
1512 2000 1801 2057 Agrippinae,

298 2070 339 2114 in
373 2070 483 2114 libro
517 2070 891 2115 caerimoniarum
914 2075 958 2124 1).
1022 2071 1081 2114 At
1121 2072 1178 2114 62
1218 2071 1331 2114 locis
1373 2071 1569 2115 Taciteis
1602 2085 1629 2114 a
1668 2071 1803 2115 Fabia

299 2141 342 2198 (l.
377 2154 415 2184 c.
450 2153 550 2199 pag.
584 2140 667 2197 161)
712 2140 992 2198 compositis,
1039 2140 1202 2198 quibus
1235 2145 1450 2186 auctores
1499 2142 1803 2194 nominantur,

299 2225 523 2268 nusquam
547 2213 733 2255 verbum
759 2211 1010 2268 reperiundi
1035 2205 1347 2269 conspicimus
1371 2226 1460 2257 uno
1485 2213 1558 2257 illo
1582 2217 1800 2270 excepto:

299 2282 423 2326 1188.
487 2282 788 2340 lntellegimus
821 2282 952 2340 igitur
983 2283 1200 2335 Tacitum,
1235 2296 1337 2326 cum
1371 2286 1475 2326 acta
1508 2284 1577 2327 vel
1610 2283 1801 2328 similem

296 2355 461 2396 testem
496 2352 710 2404 nominat,
754 2354 891 2396 verbo
924 2354 986 2397 uti
1021 2353 1273 2410 reperiundi
1295 2357 1340 2405 2),
1390 2366 1493 2396 cum
1527 2353 1662 2396 alium
1696 2368 1802 2397 auc-

442 2447 469 2492 l)
499 2447 557 2483 De
592 2448 659 2483 181
699 2448 772 2484 iam
808 2459 921 2495 supra
954 2449 1119 2484 diximus
1156 2449 1258 2494 (pag.
1293 2448 1364 2490 10).
1416 2448 1520 2483 Idem
1553 2448 1803 2484 Mommseno

297 2504 443 2540 videtur
476 2505 536 2551 (cf.
565 2506 644 2541 Das
665 2506 933 2542 Verhaltnis...
961 2517 1045 2552 pag.
1072 2508 1093 2541 5
1120 2507 1247 2542 adnot.
1272 2507 1340 2550 1.);
1366 2506 1455 2541 satis
1476 2506 1587 2552 igitur
1606 2506 1803 2551 habemus,

297 2576 361 2600 cur
385 2565 495 2601 nobis
523 2565 822 2610 persuaserimus
849 2577 935 2602 eum
963 2566 1048 2602 V17
1076 2577 1123 2602 ex
1149 2567 1239 2603 actis
1266 2568 1420 2603 senatus
1446 2565 1671 2611 sumpsisse.

441 2623 469 2668 ²)
497 2624 622 2665 Quam
650 2625 850 2670 diligenter
868 2625 968 2660 hune
993 2636 1103 2660 usum
1132 2625 1341 2668 servaverit,
1369 2636 1416 2659 ex
1436 2625 1520 2659 Χ111
1537 2625 1577 2659 31
1608 2625 1803 2670 cognosci:

297 2694 393 2727 mus,
428 2683 492 2719 ubi
528 2685 602 2719 est:
639 2694 722 2719 cum
759 2695 805 2719 ex
839 2684 1019 2730 dignitate
1056 2684 1185 2731 populi
1226 2683 1384 2722 Romani
1419 2685 1606 2729 repertum
1642 2683 1703 2727 sit,
1744 2693 1802 2718 res

293 2741 456 2777 illustres
488 2742 692 2778 annalibus·
708 2770 809 2778 .....
838 2743 941 2788 quod
976 2743 1025 2778 ita
1057 2743 1361 2787 interpretamur:
1398 2751 1457 2776 res
1490 2741 1651 2776 illustres
1689 2741 1727 2775 P.
1762 2741 1801 2778 R.

295 2810 370 2843 qua
397 2802 454 2834 est
479 2800 671 2845 dignitate,
698 2801 734 2835 in
762 2801 960 2836 annalibus
987 2801 1231 2845 reperiuntur.
1263 2821 1300 2825 --
1327 2800 1455 2841 Quare
1482 2799 1513 2835 is
1535 2800 1639 2835 locus
1660 2799 1730 2834 illis
1752 2799 1799 2834 Vl

295 2855 495 2895 addendus
517 2857 672 2895 videtur.
