<?xml version="1.0" encoding="UTF-8"?>
<!DOCTYPE html PUBLIC "-//W3C//DTD XHTML 1.0 Transitional//EN"
    "http://www.w3.org/TR/xhtml1/DTD/xhtml1-transitional.dtd">
<html xmlns="http://www.w3.org/1999/xhtml" xml:lang="en" lang="en">
 <head>
  <title>
</title>
<meta http-equiv="Content-Type" content="text/html;charset=utf-8" />
  <meta name='ocr-system' content='tesseract 3.04.00' />
  <meta name='ocr-capabilities' content='ocr_page ocr_carea ocr_par ocr_line ocrx_word'/>
</head>
<body>
  <div class='ocr_page' id='page_1' title='image "4624632_0035.png"; bbox 0 0 2090 3320; ppageno 0'>
   <div class='ocr_carea' id='block_1_1' title="bbox 1007 258 1074 299">
    <p class='ocr_par' dir='ltr' id='par_1_1' title="bbox 1007 258 1074 299">
     <span class='ocr_line' id='line_1_1' title="bbox 1007 258 1074 299; baseline 0.015 -1"><span class='ocrx_word' id='word_1_1' title='bbox 1007 258 1074 299; x_wconf 49' lang='lat'><strong>*⁴29</strong></span> 
     </span>
    </p>
   </div>
   <div class='ocr_carea' id='block_1_2' title="bbox 291 391 1795 450">
    <p class='ocr_par' dir='ltr' id='par_1_2' title="bbox 291 391 1795 450">
     <span class='ocr_line' id='line_1_2' title="bbox 291 391 1795 450; baseline -0.003 -11"><span class='ocrx_word' id='word_1_2' title='bbox 291 396 504 447; x_wconf 84' lang='lat' dir='ltr'>edidisse,</span> <span class='ocrx_word' id='word_1_3' title='bbox 546 409 571 439; x_wconf 90' lang='lat' dir='ltr'><strong>e</strong></span> <span class='ocrx_word' id='word_1_4' title='bbox 608 409 696 450; x_wconf 94' lang='lat' dir='ltr'><strong>quo</strong></span> <span class='ocrx_word' id='word_1_5' title='bbox 730 394 933 437; x_wconf 88' lang='lat' dir='ltr'><strong>Tacitum</strong></span> <span class='ocrx_word' id='word_1_6' title='bbox 968 398 1012 437; x_wconf 90' lang='lat' dir='ltr'><strong>et</strong></span> <span class='ocrx_word' id='word_1_7' title='bbox 1046 394 1233 437; x_wconf 76' lang='lat' dir='ltr'><strong>Plinium</strong></span> <span class='ocrx_word' id='word_1_8' title='bbox 1268 406 1354 436; x_wconf 91' lang='lat' dir='ltr'><strong>sua</strong></span> <span class='ocrx_word' id='word_1_9' title='bbox 1387 393 1646 448; x_wconf 86' lang='lat' dir='ltr'><strong>sumpsisse</strong></span> <span class='ocrx_word' id='word_1_10' title='bbox 1679 391 1795 435; x_wconf 90' lang='lat' dir='ltr'><strong>satis</strong></span> 
     </span>
    </p>
   </div>
   <div class='ocr_carea' id='block_1_3' title="bbox 216 462 1794 520">
    <p class='ocr_par' dir='ltr' id='par_1_3' title="bbox 216 462 1794 520">
     <span class='ocr_line' id='line_1_3' title="bbox 216 462 1794 520; baseline -0.003 -12"><span class='ocrx_word' id='word_1_11' title='bbox 216 475 218 478; x_wconf 91' lang='grc'><strong><em>·</em></strong></span> <span class='ocrx_word' id='word_1_12' title='bbox 291 478 376 509; x_wconf 90' lang='lat' dir='ltr'><strong>nos</strong></span> <span class='ocrx_word' id='word_1_13' title='bbox 409 464 801 508; x_wconf 79' lang='lat' dir='ltr'><strong>demonstravisse</strong></span> <span class='ocrx_word' id='word_1_14' title='bbox 835 467 1061 520; x_wconf 88' lang='lat' dir='ltr'><strong>putamus.</strong></span> <span class='ocrx_word' id='word_1_15' title='bbox 1107 464 1254 520; x_wconf 81' lang='lat' dir='ltr'><strong>Atque</strong></span> <span class='ocrx_word' id='word_1_16' title='bbox 1287 476 1389 506; x_wconf 90' lang='lat' dir='ltr'><strong>curn</strong></span> <span class='ocrx_word' id='word_1_17' title='bbox 1424 462 1510 506; x_wconf 93' lang='lat' dir='ltr'><strong>iam</strong></span> <span class='ocrx_word' id='word_1_18' title='bbox 1545 466 1638 505; x_wconf 90' lang='lat' dir='ltr'><strong>tum</strong></span> <span class='ocrx_word' id='word_1_19' title='bbox 1662 462 1794 505; x_wconf 91' lang='lat' dir='ltr'><strong>aliam</strong></span> 
     </span>
    </p>
   </div>
   <div class='ocr_carea' id='block_1_4' title="bbox 289 532 1794 730">
    <p class='ocr_par' dir='ltr' id='par_1_4' title="bbox 289 532 1794 730">
     <span class='ocr_line' id='line_1_4' title="bbox 289 532 1794 593; baseline -0.002 -15"><span class='ocrx_word' id='word_1_20' title='bbox 289 535 542 578; x_wconf 81' lang='lat' dir='ltr'>doctrinam</span> <span class='ocrx_word' id='word_1_21' title='bbox 588 534 823 578; x_wconf 82' lang='lat' dir='ltr'><strong>exstitisse</strong></span> <span class='ocrx_word' id='word_1_22' title='bbox 868 534 1094 593; x_wconf 82' lang='lat' dir='ltr'><strong>Josepbus</strong></span> <span class='ocrx_word' id='word_1_23' title='bbox 1142 535 1320 586; x_wconf 89' lang='lat' dir='ltr'><strong>doceat,</strong></span> <span class='ocrx_word' id='word_1_24' title='bbox 1374 546 1531 577; x_wconf 91' lang='lat' dir='ltr'><strong>eorum</strong></span> <span class='ocrx_word' id='word_1_25' title='bbox 1588 532 1794 589; x_wconf 90' lang='lat' dir='ltr'><strong>aequalis</strong></span> 
     </span>
     <span class='ocr_line' id='line_1_5' title="bbox 291 604 1793 661; baseline -0.001 -13"><span class='ocrx_word' id='word_1_26' title='bbox 291 606 409 661; x_wconf 87' lang='lat' dir='ltr'><strong>(pag.</strong></span> <span class='ocrx_word' id='word_1_27' title='bbox 434 605 490 648; x_wconf 85' lang='lat'><strong>28</strong></span> <span class='ocrx_word' id='word_1_28' title='bbox 518 605 670 648; x_wconf 89' lang='lat' dir='ltr'>adnot.</span> <span class='ocrx_word' id='word_1_29' title='bbox 705 605 753 659; x_wconf 89' lang='grc'><strong>1),</strong></span> <span class='ocrx_word' id='word_1_30' title='bbox 788 604 935 661; x_wconf 87' lang='lat' dir='ltr'><strong>magis</strong></span> <span class='ocrx_word' id='word_1_31' title='bbox 952 605 1195 648; x_wconf 91' lang='lat' dir='ltr'><strong>verisimile</strong></span> <span class='ocrx_word' id='word_1_32' title='bbox 1218 604 1269 647; x_wconf 92' lang='lat' dir='ltr'><strong>fit</strong></span> <span class='ocrx_word' id='word_1_33' title='bbox 1294 608 1533 659; x_wconf 88' lang='lat' dir='ltr'><strong>utrumque</strong></span> <span class='ocrx_word' id='word_1_34' title='bbox 1558 607 1793 647; x_wconf 82' lang='lat' dir='ltr'><strong>auctorem</strong></span> 
     </span>
     <span class='ocr_line' id='line_1_6' title="bbox 291 674 981 730; baseline 0 -12"><span class='ocrx_word' id='word_1_35' title='bbox 291 674 525 719; x_wconf 91' lang='lat' dir='ltr'><strong>Claudium</strong></span> <span class='ocrx_word' id='word_1_36' title='bbox 559 678 768 718; x_wconf 89' lang='lat' dir='ltr'><strong>secutum</strong></span> <span class='ocrx_word' id='word_1_37' title='bbox 803 687 911 718; x_wconf 87' lang='lat' dir='ltr'><strong>esse</strong></span> <span class='ocrx_word' id='word_1_38' title='bbox 936 674 981 730; x_wconf 87' lang='lat'><strong>¹).</strong></span> 
     </span>
    </p>
   </div>
   <div class='ocr_carea' id='block_1_5' title="bbox 284 756 1793 1725">
    <p class='ocr_par' dir='ltr' id='par_1_5' title="bbox 284 756 1793 1725">
     <span class='ocr_line' id='line_1_7' title="bbox 431 756 1793 813; baseline -0.002 -14"><span class='ocrx_word' id='word_1_39' title='bbox 431 757 641 807; x_wconf 80' lang='lat' dir='ltr'><strong>„Rettulit</strong></span> <span class='ocrx_word' id='word_1_40' title='bbox 681 757 843 800; x_wconf 92' lang='lat' dir='ltr'><strong>deinde</strong></span> <span class='ocrx_word' id='word_1_41' title='bbox 888 758 944 799; x_wconf 90' lang='lat' dir='ltr'><strong>ad</strong></span> <span class='ocrx_word' id='word_1_42' title='bbox 987 761 1199 801; x_wconf 88' lang='lat' dir='ltr'><strong>senatum</strong></span> <span class='ocrx_word' id='word_1_43' title='bbox 1243 771 1384 813; x_wconf 88' lang='lat' dir='ltr'><strong>super</strong></span> <span class='ocrx_word' id='word_1_44' title='bbox 1428 756 1618 812; x_wconf 89' lang='lat' dir='ltr'><strong>collegio</strong></span> <span class='ocrx_word' id='word_1_45' title='bbox 1659 757 1793 798; x_wconf 78' lang='lat' dir='ltr'><strong>haru·</strong></span> 
     </span>
     <span class='ocr_line' id='line_1_8' title="bbox 288 826 1790 885; baseline -0.001 -16"><span class='ocrx_word' id='word_1_46' title='bbox 288 827 507 883; x_wconf 78' lang='lat' dir='ltr'><strong>spIcum.“</strong></span> <span class='ocrx_word' id='word_1_47' title='bbox 551 826 641 885; x_wconf 76' lang='lat' dir='ltr'><strong>lam</strong></span> <span class='ocrx_word' id='word_1_48' title='bbox 676 826 831 883; x_wconf 88' lang='lat' dir='ltr'><strong>primis</strong></span> <span class='ocrx_word' id='word_1_49' title='bbox 864 827 933 870; x_wconf 89' lang='lat' dir='ltr'><strong>his</strong></span> <span class='ocrx_word' id='word_1_50' title='bbox 966 827 1117 871; x_wconf 91' lang='lat' dir='ltr'><strong>verbis</strong></span> <span class='ocrx_word' id='word_1_51' title='bbox 1150 828 1349 884; x_wconf 78' lang='lat' dir='ltr'><strong>scriptor</strong></span> <span class='ocrx_word' id='word_1_52' title='bbox 1382 840 1468 871; x_wconf 92' lang='lat' dir='ltr'><strong>nos</strong></span> <span class='ocrx_word' id='word_1_53' title='bbox 1501 826 1543 868; x_wconf 93' lang='lat' dir='ltr'><strong>in</strong></span> <span class='ocrx_word' id='word_1_54' title='bbox 1577 829 1790 868; x_wconf 91' lang='lat' dir='ltr'><strong>senatum</strong></span> 
     </span>
     <span class='ocr_line' id='line_1_9' title="bbox 289 897 1793 953; baseline -0.001 -13"><span class='ocrx_word' id='word_1_55' title='bbox 289 897 458 940; x_wconf 89' lang='lat' dir='ltr'><strong>inducit</strong></span> <span class='ocrx_word' id='word_1_56' title='bbox 490 900 535 940; x_wconf 92' lang='lat' dir='ltr'><strong>et</strong></span> <span class='ocrx_word' id='word_1_57' title='bbox 564 901 611 940; x_wconf 96' lang='lat' dir='ltr'><strong>ut</strong></span> <span class='ocrx_word' id='word_1_58' title='bbox 634 897 689 940; x_wconf 93' lang='lat' dir='ltr'><strong>de</strong></span> <span class='ocrx_word' id='word_1_59' title='bbox 711 899 837 940; x_wconf 87' lang='lat' dir='ltr'><strong>fonte</strong></span> <span class='ocrx_word' id='word_1_60' title='bbox 861 898 1166 953; x_wconf 90' lang='lat' dir='ltr'><strong>suspicemur,</strong></span> <span class='ocrx_word' id='word_1_61' title='bbox 1200 898 1367 941; x_wconf 88' lang='lat' dir='ltr'><strong>effecit.</strong></span> <span class='ocrx_word' id='word_1_62' title='bbox 1415 897 1548 945; x_wconf 90' lang='lat' dir='ltr'><strong>Quod</strong></span> <span class='ocrx_word' id='word_1_63' title='bbox 1573 897 1793 939; x_wconf 75' lang='lat' dir='ltr'><strong>Etruscos</strong></span> 
     </span>
     <span class='ocr_line' id='line_1_10' title="bbox 289 966 1793 1024; baseline -0.001 -15"><span class='ocrx_word' id='word_1_64' title='bbox 289 967 534 1023; x_wconf 86' lang='lat' dir='ltr'><strong>praecipue</strong></span> <span class='ocrx_word' id='word_1_65' title='bbox 579 967 792 1019; x_wconf 88' lang='lat' dir='ltr'><strong>nominat,</strong></span> <span class='ocrx_word' id='word_1_66' title='bbox 839 969 925 1011; x_wconf 87' lang='lat' dir='ltr'><strong>hac</strong></span> <span class='ocrx_word' id='word_1_67' title='bbox 970 968 1025 1012; x_wconf 89' lang='lat' dir='ltr'><strong>de</strong></span> <span class='ocrx_word' id='word_1_68' title='bbox 1071 982 1120 1012; x_wconf 86' lang='lat' dir='ltr'><strong>re</strong></span> <span class='ocrx_word' id='word_1_69' title='bbox 1163 968 1249 1011; x_wconf 89' lang='lat' dir='ltr'><strong>iarn</strong></span> <span class='ocrx_word' id='word_1_70' title='bbox 1294 981 1436 1024; x_wconf 90' lang='lat' dir='ltr'><strong>supra</strong></span> <span class='ocrx_word' id='word_1_71' title='bbox 1479 966 1793 1023; x_wconf 87' lang='lat' dir='ltr'><strong>exposuimus.</strong></span> 
     </span>
     <span class='ocr_line' id='line_1_11' title="bbox 290 1036 1793 1095; baseline -0.001 -15"><span class='ocrx_word' id='word_1_72' title='bbox 290 1037 446 1093; x_wconf 80' lang='lat' dir='ltr'><strong>Neque</strong></span> <span class='ocrx_word' id='word_1_73' title='bbox 487 1038 644 1080; x_wconf 90' lang='lat' dir='ltr'><strong>mirum</strong></span> <span class='ocrx_word' id='word_1_74' title='bbox 689 1041 761 1081; x_wconf 91' lang='lat' dir='ltr'><strong>est</strong></span> <span class='ocrx_word' id='word_1_75' title='bbox 802 1042 895 1081; x_wconf 93' lang='lat' dir='ltr'><strong>tum</strong></span> <span class='ocrx_word' id='word_1_76' title='bbox 939 1039 1261 1095; x_wconf 89' lang='lat' dir='ltr'><strong>imperatorem</strong></span> <span class='ocrx_word' id='word_1_77' title='bbox 1302 1043 1348 1082; x_wconf 89' lang='lat' dir='ltr'><strong>ut</strong></span> <span class='ocrx_word' id='word_1_78' title='bbox 1391 1038 1663 1094; x_wconf 88' lang='lat' dir='ltr'><strong>scriptorem</strong></span> <span class='ocrx_word' id='word_1_79' title='bbox 1702 1036 1793 1079; x_wconf 86' lang='lat' dir='ltr'><strong>his-</strong></span> 
     </span>
     <span class='ocr_line' id='line_1_12' title="bbox 287 1106 1789 1164; baseline -0.001 -16"><span class='ocrx_word' id='word_1_80' title='bbox 287 1107 430 1149; x_wconf 88' lang='lat' dir='ltr'><strong>toriae</strong></span> <span class='ocrx_word' id='word_1_81' title='bbox 471 1107 776 1162; x_wconf 85' lang='lat' dir='ltr'><strong>Tyrrhenicae</strong></span> <span class='ocrx_word' id='word_1_82' title='bbox 823 1108 966 1164; x_wconf 89' lang='lat' dir='ltr'><strong>(Suet.</strong></span> <span class='ocrx_word' id='word_1_83' title='bbox 1000 1108 1155 1152; x_wconf 87' lang='lat' dir='ltr'><strong>Claud.</strong></span> <span class='ocrx_word' id='word_1_84' title='bbox 1180 1109 1252 1162; x_wconf 85' lang='lat'><strong>42)</strong></span> <span class='ocrx_word' id='word_1_85' title='bbox 1299 1121 1455 1151; x_wconf 90' lang='lat' dir='ltr'><strong>eorum</strong></span> <span class='ocrx_word' id='word_1_86' title='bbox 1507 1106 1789 1163; x_wconf 88' lang='lat' dir='ltr'><strong>disciplinam</strong></span> 
     </span>
     <span class='ocr_line' id='line_1_13' title="bbox 287 1177 1792 1234; baseline 0 -16"><span class='ocrx_word' id='word_1_87' title='bbox 287 1177 329 1218; x_wconf 95' lang='lat' dir='ltr'><strong>in</strong></span> <span class='ocrx_word' id='word_1_88' title='bbox 374 1177 494 1219; x_wconf 91' lang='lat' dir='ltr'><strong>brevi</strong></span> <span class='ocrx_word' id='word_1_89' title='bbox 540 1181 791 1232; x_wconf 88' lang='lat' dir='ltr'><strong>conspectu</strong></span> <span class='ocrx_word' id='word_1_90' title='bbox 846 1192 1029 1233; x_wconf 90' lang='lat' dir='ltr'><strong>ponere.</strong></span> <span class='ocrx_word' id='word_1_91' title='bbox 1094 1179 1276 1234; x_wconf 89' lang='lat' dir='ltr'><strong>Optime</strong></span> <span class='ocrx_word' id='word_1_92' title='bbox 1326 1178 1519 1232; x_wconf 90' lang='lat' dir='ltr'><strong>denique</strong></span> <span class='ocrx_word' id='word_1_93' title='bbox 1559 1181 1792 1231; x_wconf 91' lang='lat' dir='ltr'><strong>postrema</strong></span> 
     </span>
     <span class='ocr_line' id='line_1_14' title="bbox 286 1246 1792 1304; baseline 0 -16"><span class='ocrx_word' id='word_1_94' title='bbox 286 1246 419 1289; x_wconf 87' lang='lat' dir='ltr'><strong>huius</strong></span> <span class='ocrx_word' id='word_1_95' title='bbox 453 1246 616 1303; x_wconf 89' lang='lat' dir='ltr'><strong>capitis</strong></span> <span class='ocrx_word' id='word_1_96' title='bbox 649 1248 786 1290; x_wconf 91' lang='lat' dir='ltr'><strong>verba</strong></span> <span class='ocrx_word' id='word_1_97' title='bbox 820 1247 975 1304; x_wconf 90' lang='lat' dir='ltr'><strong>primis</strong></span> <span class='ocrx_word' id='word_1_98' title='bbox 1009 1261 1061 1292; x_wconf 90' lang='lat' dir='ltr'><strong>se</strong></span> <span class='ocrx_word' id='word_1_99' title='bbox 1093 1247 1464 1291; x_wconf 89' lang='lat' dir='ltr'><strong>accommodant:</strong></span> <span class='ocrx_word' id='word_1_100' title='bbox 1516 1247 1700 1290; x_wconf 74' lang='lat' dir='ltr'><strong>Factum</strong></span> <span class='ocrx_word' id='word_1_101' title='bbox 1735 1259 1792 1289; x_wconf 89' lang='lat' dir='ltr'><strong>ex</strong></span> 
     </span>
     <span class='ocr_line' id='line_1_15' title="bbox 287 1316 1793 1372; baseline 0 -15"><span class='ocrx_word' id='word_1_102' title='bbox 287 1328 340 1357; x_wconf 94' lang='lat' dir='ltr'><strong>eo</strong></span> <span class='ocrx_word' id='word_1_103' title='bbox 374 1320 567 1358; x_wconf 90' lang='lat' dir='ltr'><strong>senatus</strong></span> <span class='ocrx_word' id='word_1_104' title='bbox 591 1319 862 1369; x_wconf 86' lang='lat' dir='ltr'><strong>consultum,</strong></span> <span class='ocrx_word' id='word_1_105' title='bbox 895 1318 1097 1359; x_wconf 87' lang='lat' dir='ltr'><strong>viderent</strong></span> <span class='ocrx_word' id='word_1_106' title='bbox 1121 1318 1375 1372; x_wconf 82' lang='lat' dir='ltr'><strong>pontifices,</strong></span> <span class='ocrx_word' id='word_1_107' title='bbox 1410 1329 1526 1371; x_wconf 91' lang='lat' dir='ltr'><strong>quae</strong></span> <span class='ocrx_word' id='word_1_108' title='bbox 1557 1316 1793 1358; x_wconf 90' lang='lat' dir='ltr'><strong>retinenda</strong></span> 
     </span>
     <span class='ocr_line' id='line_1_16' title="bbox 285 1384 1793 1443; baseline 0.001 -15"><span class='ocrx_word' id='word_1_109' title='bbox 285 1384 600 1442; x_wconf 82' lang='lat' dir='ltr'><strong>firmandaque</strong></span> <span class='ocrx_word' id='word_1_110' title='bbox 633 1386 942 1443; x_wconf 82' lang='lat' dir='ltr'><strong>haruspiCum.</strong></span> <span class='ocrx_word' id='word_1_111' title='bbox 983 1414 1039 1418; x_wconf 83' lang='lat'>—</span> <span class='ocrx_word' id='word_1_112' title='bbox 1083 1387 1183 1431; x_wconf 79' lang='lat' dir='ltr'><strong>Non</strong></span> <span class='ocrx_word' id='word_1_113' title='bbox 1219 1386 1513 1431; x_wconf 90' lang='lat' dir='ltr'><strong>dubitandum</strong></span> <span class='ocrx_word' id='word_1_114' title='bbox 1547 1390 1633 1439; x_wconf 88' lang='lat' dir='ltr'><strong>est,</strong></span> <span class='ocrx_word' id='word_1_115' title='bbox 1675 1399 1793 1442; x_wconf 89' lang='lat' dir='ltr'><strong>quae</strong></span> 
     </span>
     <span class='ocr_line' id='line_1_17' title="bbox 287 1455 1793 1514; baseline 0.001 -17"><span class='ocrx_word' id='word_1_116' title='bbox 287 1455 328 1497; x_wconf 94' lang='lat' dir='ltr'><strong>in</strong></span> <span class='ocrx_word' id='word_1_117' title='bbox 362 1457 508 1499; x_wconf 91' lang='lat' dir='ltr'><strong>medio</strong></span> <span class='ocrx_word' id='word_1_118' title='bbox 542 1457 692 1512; x_wconf 88' lang='lat' dir='ltr'><strong>capite</strong></span> <span class='ocrx_word' id='word_1_119' title='bbox 731 1461 839 1500; x_wconf 91' lang='lat' dir='ltr'><strong>sunt</strong></span> <span class='ocrx_word' id='word_1_120' title='bbox 879 1459 1031 1509; x_wconf 89' lang='lat' dir='ltr'><strong>verba,</strong></span> <span class='ocrx_word' id='word_1_121' title='bbox 1071 1458 1174 1514; x_wconf 94' lang='lat' dir='ltr'><strong>quin</strong></span> <span class='ocrx_word' id='word_1_122' title='bbox 1217 1459 1389 1502; x_wconf 86' lang='lat' dir='ltr'><strong>Claudii</strong></span> <span class='ocrx_word' id='word_1_123' title='bbox 1430 1459 1574 1514; x_wconf 90' lang='lat' dir='ltr'><strong>ipsius</strong></span> <span class='ocrx_word' id='word_1_124' title='bbox 1612 1457 1793 1507; x_wconf 88' lang='lat' dir='ltr'><strong>fuerint,</strong></span> 
     </span>
     <span class='ocr_line' id='line_1_18' title="bbox 286 1526 1792 1583; baseline 0.001 -14"><span class='ocrx_word' id='word_1_125' title='bbox 286 1526 358 1582; x_wconf 94' lang='lat' dir='ltr'><strong>qui</strong></span> <span class='ocrx_word' id='word_1_126' title='bbox 392 1528 511 1571; x_wconf 89' lang='lat' dir='ltr'><strong>hanc</strong></span> <span class='ocrx_word' id='word_1_127' title='bbox 544 1528 795 1572; x_wconf 91' lang='lat' dir='ltr'><strong>orationem</strong></span> <span class='ocrx_word' id='word_1_128' title='bbox 818 1528 849 1583; x_wconf 83' lang='lat'><strong>2)</strong></span> <span class='ocrx_word' id='word_1_129' title='bbox 886 1529 927 1573; x_wconf 94' lang='lat' dir='ltr'><strong>in</strong></span> <span class='ocrx_word' id='word_1_130' title='bbox 962 1534 1126 1574; x_wconf 90' lang='lat' dir='ltr'><strong>senatu</strong></span> <span class='ocrx_word' id='word_1_131' title='bbox 1161 1530 1380 1573; x_wconf 86' lang='lat' dir='ltr'><strong>habuerit.</strong></span> <span class='ocrx_word' id='word_1_132' title='bbox 1430 1529 1579 1577; x_wconf 89' lang='lat' dir='ltr'><strong>Quam</strong></span> <span class='ocrx_word' id='word_1_133' title='bbox 1614 1530 1670 1572; x_wconf 93' lang='lat' dir='ltr'><strong>ob</strong></span> <span class='ocrx_word' id='word_1_134' title='bbox 1698 1541 1792 1571; x_wconf 87' lang='lat' dir='ltr'><strong>rem</strong></span> 
     </span>
     <span class='ocr_line' id='line_1_19' title="bbox 284 1596 1792 1655; baseline 0.001 -17"><span class='ocrx_word' id='word_1_135' title='bbox 284 1596 418 1639; x_wconf 92' lang='lat' dir='ltr'><strong>facile</strong></span> <span class='ocrx_word' id='word_1_136' title='bbox 452 1596 675 1652; x_wconf 88' lang='lat' dir='ltr'><strong>quispiam</strong></span> <span class='ocrx_word' id='word_1_137' title='bbox 709 1598 946 1650; x_wconf 92' lang='lat' dir='ltr'><strong>concedet,</strong></span> <span class='ocrx_word' id='word_1_138' title='bbox 980 1612 1097 1655; x_wconf 92' lang='lat' dir='ltr'><strong>quae</strong></span> <span class='ocrx_word' id='word_1_139' title='bbox 1130 1599 1223 1643; x_wconf 88' lang='lat' dir='ltr'><strong>XV.</strong></span> <span class='ocrx_word' id='word_1_140' title='bbox 1265 1599 1414 1655; x_wconf 89' lang='lat' dir='ltr'><strong>capite</strong></span> <span class='ocrx_word' id='word_1_141' title='bbox 1446 1602 1633 1641; x_wconf 89' lang='lat' dir='ltr'><strong>narrata</strong></span> <span class='ocrx_word' id='word_1_142' title='bbox 1673 1602 1792 1650; x_wconf 88' lang='lat' dir='ltr'><strong>sunt,</strong></span> 
     </span>
     <span class='ocr_line' id='line_1_20' title="bbox 285 1667 1328 1725; baseline 0.004 -16"><span class='ocrx_word' id='word_1_143' title='bbox 285 1667 327 1710; x_wconf 95' lang='lat' dir='ltr'><strong>in</strong></span> <span class='ocrx_word' id='word_1_144' title='bbox 361 1667 478 1710; x_wconf 90' lang='lat' dir='ltr'><strong>actis</strong></span> <span class='ocrx_word' id='word_1_145' title='bbox 510 1672 702 1711; x_wconf 85' lang='lat' dir='ltr'><strong>senatus</strong></span> <span class='ocrx_word' id='word_1_146' title='bbox 737 1682 763 1711; x_wconf 94' lang='lat' dir='ltr'><strong>a</strong></span> <span class='ocrx_word' id='word_1_147' title='bbox 795 1669 952 1713; x_wconf 88' lang='lat' dir='ltr'><strong>Tacito</strong></span> <span class='ocrx_word' id='word_1_148' title='bbox 988 1674 1170 1725; x_wconf 92' lang='lat' dir='ltr'><strong>reperta</strong></span> <span class='ocrx_word' id='word_1_149' title='bbox 1204 1683 1328 1713; x_wconf 88' lang='lat' dir='ltr'><strong>esse.</strong></span> 
     </span>
    </p>
   </div>
   <div class='ocr_carea' id='block_1_6' title="bbox 236 1738 1793 2583">
    <p class='ocr_par' dir='ltr' id='par_1_6' title="bbox 236 1738 1793 2583">
     <span class='ocr_line' id='line_1_21' title="bbox 427 1738 1789 1811; baseline 0.001 -19"><span class='ocrx_word' id='word_1_150' title='bbox 427 1749 650 1794; x_wconf 79' lang='lat' dir='ltr'><strong>Proximis</strong></span> <span class='ocrx_word' id='word_1_151' title='bbox 683 1738 908 1811; x_wconf 87' lang='lat' dir='ltr'><strong>capitibus</strong></span> <span class='ocrx_word' id='word_1_152' title='bbox 941 1752 1132 1795; x_wconf 86' lang='lat' dir='ltr'><strong>relatum</strong></span> <span class='ocrx_word' id='word_1_153' title='bbox 1167 1756 1240 1796; x_wconf 90' lang='lat' dir='ltr'><strong>est</strong></span> <span class='ocrx_word' id='word_1_154' title='bbox 1272 1752 1327 1796; x_wconf 87' lang='lat' dir='ltr'><strong>de</strong></span> <span class='ocrx_word' id='word_1_155' title='bbox 1360 1751 1489 1795; x_wconf 92' lang='lat' dir='ltr'><strong>bellis</strong></span> <span class='ocrx_word' id='word_1_156' title='bbox 1524 1751 1566 1794; x_wconf 94' lang='lat' dir='ltr'><strong>in</strong></span> <span class='ocrx_word' id='word_1_157' title='bbox 1602 1750 1789 1795; x_wconf 45' lang='lat' dir='ltr'><strong>Germa‘</strong></span> 
     </span>
     <span class='ocr_line' id='line_1_22' title="bbox 286 1821 1793 1877; baseline 0.001 -15"><span class='ocrx_word' id='word_1_158' title='bbox 286 1821 359 1863; x_wconf 92' lang='lat' dir='ltr'><strong>nia</strong></span> <span class='ocrx_word' id='word_1_159' title='bbox 407 1824 452 1863; x_wconf 92' lang='lat' dir='ltr'><strong>et</strong></span> <span class='ocrx_word' id='word_1_160' title='bbox 498 1821 729 1864; x_wconf 82' lang='lat' dir='ltr'><strong>Britannia</strong></span> <span class='ocrx_word' id='word_1_161' title='bbox 777 1822 935 1877; x_wconf 89' lang='lat' dir='ltr'><strong>gestis,</strong></span> <span class='ocrx_word' id='word_1_162' title='bbox 985 1822 1027 1865; x_wconf 97' lang='lat' dir='ltr'><strong>in</strong></span> <span class='ocrx_word' id='word_1_163' title='bbox 1076 1823 1241 1877; x_wconf 86' lang='lat' dir='ltr'><strong>quibus</strong></span> <span class='ocrx_word' id='word_1_164' title='bbox 1289 1822 1478 1877; x_wconf 91' lang='lat' dir='ltr'><strong>saepius</strong></span> <span class='ocrx_word' id='word_1_165' title='bbox 1528 1822 1695 1864; x_wconf 91' lang='lat' dir='ltr'><strong>mentio</strong></span> <span class='ocrx_word' id='word_1_166' title='bbox 1743 1821 1793 1863; x_wconf 85' lang='lat' dir='ltr'><strong>fit</strong></span> 
     </span>
     <span class='ocr_line' id='line_1_23' title="bbox 288 1889 1792 1944; baseline 0.001 -12"><span class='ocrx_word' id='word_1_167' title='bbox 288 1889 481 1933; x_wconf 91' lang='lat' dir='ltr'><strong>nominis</strong></span> <span class='ocrx_word' id='word_1_168' title='bbox 532 1890 815 1944; x_wconf 87' lang='lat' dir='ltr'><strong>Corbulonis,</strong></span> <span class='ocrx_word' id='word_1_169' title='bbox 864 1891 994 1936; x_wconf 91' lang='lat' dir='ltr'><strong>cuius</strong></span> <span class='ocrx_word' id='word_1_170' title='bbox 1041 1893 1381 1937; x_wconf 87' lang='lat' dir='ltr'><strong>commentariis</strong></span> <span class='ocrx_word' id='word_1_171' title='bbox 1420 1905 1472 1936; x_wconf 85' lang='lat' dir='ltr'><strong>se</strong></span> <span class='ocrx_word' id='word_1_172' title='bbox 1513 1905 1644 1935; x_wconf 91' lang='lat' dir='ltr'><strong>usum</strong></span> <span class='ocrx_word' id='word_1_173' title='bbox 1684 1903 1792 1934; x_wconf 88' lang='lat' dir='ltr'><strong>esse</strong></span> 
     </span>
     <span class='ocr_line' id='line_1_24' title="bbox 285 1961 1790 2018; baseline 0.001 -15"><span class='ocrx_word' id='word_1_174' title='bbox 285 1961 471 2004; x_wconf 88' lang='lat' dir='ltr'><strong>Tacitus</strong></span> <span class='ocrx_word' id='word_1_175' title='bbox 513 1962 611 2017; x_wconf 92' lang='lat' dir='ltr'><strong>ipse</strong></span> <span class='ocrx_word' id='word_1_176' title='bbox 655 1962 892 2016; x_wconf 80' lang='lat' dir='ltr'><strong>profitetur</strong></span> <span class='ocrx_word' id='word_1_177' title='bbox 932 1963 1028 2014; x_wconf 85' lang='lat' dir='ltr'><strong>(XV</strong></span> <span class='ocrx_word' id='word_1_178' title='bbox 1054 1964 1128 2014; x_wconf 77' lang='lat' dir='ltr'><strong>lo).</strong></span> <span class='ocrx_word' id='word_1_179' title='bbox 1194 1964 1286 2006; x_wconf 90' lang='lat' dir='ltr'><strong>Sed</strong></span> <span class='ocrx_word' id='word_1_180' title='bbox 1334 1977 1415 2018; x_wconf 95' lang='lat' dir='ltr'><strong>pro</strong></span> <span class='ocrx_word' id='word_1_181' title='bbox 1461 1968 1589 2006; x_wconf 86' lang='lat' dir='ltr'><strong>certo</strong></span> <span class='ocrx_word' id='word_1_182' title='bbox 1635 1963 1790 2006; x_wconf 85' lang='lat' dir='ltr'><strong>haberi</strong></span> 
     </span>
     <span class='ocr_line' id='line_1_25' title="bbox 285 2031 1790 2090; baseline 0.001 -15"><span class='ocrx_word' id='word_1_183' title='bbox 285 2035 438 2087; x_wconf 90' lang='lat' dir='ltr'><strong>potest</strong></span> <span class='ocrx_word' id='word_1_184' title='bbox 471 2031 589 2074; x_wconf 93' lang='lat' dir='ltr'><strong>illum</strong></span> <span class='ocrx_word' id='word_1_185' title='bbox 624 2032 770 2074; x_wconf 89' lang='lat' dir='ltr'><strong>solum</strong></span> <span class='ocrx_word' id='word_1_186' title='bbox 799 2031 1070 2076; x_wconf 75' lang='lat' dir='ltr'><strong>Parthorum</strong></span> <span class='ocrx_word' id='word_1_187' title='bbox 1106 2033 1267 2076; x_wconf 93' lang='lat' dir='ltr'><strong>bellum</strong></span> <span class='ocrx_word' id='word_1_188' title='bbox 1304 2033 1627 2090; x_wconf 89' lang='lat' dir='ltr'><strong>descripsisse,</strong></span> <span class='ocrx_word' id='word_1_189' title='bbox 1661 2046 1790 2090; x_wconf 46' lang='lat' dir='ltr'><strong>prae‘</strong></span> 
     </span>
     <span class='ocr_line' id='line_1_26' title="bbox 236 2094 1791 2147; baseline 0.002 -3"><span class='ocrx_word' id='word_1_190' title='bbox 236 2094 241 2100; x_wconf 78' lang='grc'><strong>’</strong></span> <span class='ocrx_word' id='word_1_191' title='bbox 284 2102 440 2145; x_wconf 90' lang='lat' dir='ltr'><strong>sertim</strong></span> <span class='ocrx_word' id='word_1_192' title='bbox 474 2115 576 2145; x_wconf 87' lang='lat' dir='ltr'><strong>cum</strong></span> <span class='ocrx_word' id='word_1_193' title='bbox 617 2103 867 2145; x_wconf 73' lang='lat' dir='ltr'><strong>Mommsen</strong></span> <span class='ocrx_word' id='word_1_194' title='bbox 910 2104 1233 2146; x_wconf 91' lang='lat' dir='ltr'><strong>monstraverit</strong></span> <span class='ocrx_word' id='word_1_195' title='bbox 1274 2117 1438 2147; x_wconf 92' lang='lat' dir='ltr'><strong>nomen</strong></span> <span class='ocrx_word' id='word_1_196' title='bbox 1479 2104 1791 2147; x_wconf 90' lang='lat' dir='ltr'><strong>commentarii</strong></span> 
     </span>
     <span class='ocr_line' id='line_1_27' title="bbox 284 2171 1792 2231; baseline 0.003 -17"><span class='ocrx_word' id='word_1_197' title='bbox 284 2171 339 2215; x_wconf 91' lang='lat' dir='ltr'><strong>ibi</strong></span> <span class='ocrx_word' id='word_1_198' title='bbox 374 2172 502 2215; x_wconf 89' lang='lat' dir='ltr'><strong>aliter</strong></span> <span class='ocrx_word' id='word_1_199' title='bbox 535 2172 923 2229; x_wconf 87' lang='lat' dir='ltr'><strong>interpretandum</strong></span> <span class='ocrx_word' id='word_1_200' title='bbox 958 2186 1066 2217; x_wconf 92' lang='lat' dir='ltr'><strong>esse</strong></span> <span class='ocrx_word' id='word_1_201' title='bbox 1108 2174 1182 2230; x_wconf 84' lang='lat' dir='ltr'><strong>(cf.</strong></span> <span class='ocrx_word' id='word_1_202' title='bbox 1218 2187 1319 2231; x_wconf 89' lang='lat' dir='ltr'><strong>pag.</strong></span> <span class='ocrx_word' id='word_1_203' title='bbox 1355 2174 1420 2229; x_wconf 85' lang='lat' dir='ltr'><strong>ll).</strong></span> <span class='ocrx_word' id='word_1_204' title='bbox 1475 2173 1594 2218; x_wconf 90' lang='lat' dir='ltr'><strong>Idem</strong></span> <span class='ocrx_word' id='word_1_205' title='bbox 1635 2175 1691 2218; x_wconf 93' lang='lat' dir='ltr'><strong>de</strong></span> <span class='ocrx_word' id='word_1_206' title='bbox 1725 2188 1792 2219; x_wconf 81' lang='lat' dir='ltr'><strong>re-</strong></span> 
     </span>
     <span class='ocr_line' id='line_1_28' title="bbox 283 2243 1791 2301; baseline 0.001 -15"><span class='ocrx_word' id='word_1_207' title='bbox 283 2244 369 2286; x_wconf 92' lang='lat' dir='ltr'><strong>bus</strong></span> <span class='ocrx_word' id='word_1_208' title='bbox 403 2257 429 2286; x_wconf 91' lang='lat' dir='ltr'><strong>a</strong></span> <span class='ocrx_word' id='word_1_209' title='bbox 464 2243 721 2287; x_wconf 91' lang='lat' dir='ltr'><strong>Corbulone</strong></span> <span class='ocrx_word' id='word_1_210' title='bbox 756 2243 910 2286; x_wconf 88' lang='lat' dir='ltr'><strong>relatis</strong></span> <span class='ocrx_word' id='word_1_211' title='bbox 944 2243 1031 2286; x_wconf 92' lang='lat' dir='ltr'><strong>iam</strong></span> <span class='ocrx_word' id='word_1_212' title='bbox 1058 2244 1350 2287; x_wconf 91' lang='lat' dir='ltr'><strong>Weidemann</strong></span> <span class='ocrx_word' id='word_1_213' title='bbox 1376 2245 1484 2287; x_wconf 91' lang='lat' dir='ltr'><strong>dixit</strong></span> <span class='ocrx_word' id='word_1_214' title='bbox 1508 2246 1550 2297; x_wconf 85' lang='lat' dir='ltr'><strong>(l.</strong></span> <span class='ocrx_word' id='word_1_215' title='bbox 1574 2258 1614 2288; x_wconf 88' lang='lat' dir='ltr'><strong>o.</strong></span> <span class='ocrx_word' id='word_1_216' title='bbox 1640 2257 1791 2301; x_wconf 86' lang='lat' dir='ltr'><strong>progr.</strong></span> 
     </span>
     <span class='ocr_line' id='line_1_29' title="bbox 285 2313 1791 2370; baseline 0.001 -14"><span class='ocrx_word' id='word_1_217' title='bbox 285 2313 349 2357; x_wconf 87' lang='grc' dir='ltr'><strong>ΙΙΙ.</strong></span> <span class='ocrx_word' id='word_1_218' title='bbox 385 2327 483 2370; x_wconf 92' lang='lat' dir='ltr'><strong>cap.</strong></span> <span class='ocrx_word' id='word_1_219' title='bbox 519 2315 601 2366; x_wconf 82' lang='lat'>14):</span> <span class='ocrx_word' id='word_1_220' title='bbox 651 2313 809 2369; x_wconf 81' lang='lat' dir='ltr'><strong>Neque</strong></span> <span class='ocrx_word' id='word_1_221' title='bbox 843 2313 1024 2356; x_wconf 91' lang='lat' dir='ltr'><strong>nimium</strong></span> <span class='ocrx_word' id='word_1_222' title='bbox 1063 2315 1299 2357; x_wconf 86' lang='lat' dir='ltr'><strong>affirmare</strong></span> <span class='ocrx_word' id='word_1_223' title='bbox 1333 2315 1465 2358; x_wconf 90' lang='lat' dir='ltr'><strong>nobis</strong></span> <span class='ocrx_word' id='word_1_224' title='bbox 1497 2315 1715 2367; x_wconf 90' lang='lat' dir='ltr'><strong>videmur,</strong></span> <span class='ocrx_word' id='word_1_225' title='bbox 1753 2316 1791 2358; x_wconf 91' lang='lat' dir='ltr'><strong>si</strong></span> 
     </span>
     <span class='ocr_line' id='line_1_30' title="bbox 284 2383 1792 2430; baseline 0.001 -3"><span class='ocrx_word' id='word_1_226' title='bbox 284 2384 476 2428; x_wconf 88' lang='lat' dir='ltr'><strong>dicimus</strong></span> <span class='ocrx_word' id='word_1_227' title='bbox 497 2384 701 2428; x_wconf 90' lang='lat' dir='ltr'><strong>Tacitum</strong></span> <span class='ocrx_word' id='word_1_228' title='bbox 729 2383 1001 2429; x_wconf 88' lang='lat' dir='ltr'><strong>Corbulonis</strong></span> <span class='ocrx_word' id='word_1_229' title='bbox 1034 2384 1375 2428; x_wconf 87' lang='lat' dir='ltr'><strong>commentariis</strong></span> <span class='ocrx_word' id='word_1_230' title='bbox 1401 2397 1490 2428; x_wconf 96' lang='lat' dir='ltr'><strong>non</strong></span> <span class='ocrx_word' id='word_1_231' title='bbox 1516 2398 1650 2429; x_wconf 92' lang='lat' dir='ltr'><strong>usum</strong></span> <span class='ocrx_word' id='word_1_232' title='bbox 1683 2398 1792 2430; x_wconf 89' lang='lat' dir='ltr'><strong>esse</strong></span> 
     </span>
     <span class='ocr_line' id='line_1_31' title="bbox 284 2455 1792 2511; baseline 0.001 -14"><span class='ocrx_word' id='word_1_233' title='bbox 284 2455 368 2498; x_wconf 92' lang='lat' dir='ltr'><strong>nisi</strong></span> <span class='ocrx_word' id='word_1_234' title='bbox 388 2455 460 2498; x_wconf 94' lang='lat' dir='ltr'><strong>ubi</strong></span> <span class='ocrx_word' id='word_1_235' title='bbox 479 2455 677 2511; x_wconf 89' lang='lat' dir='ltr'><strong>optimus</strong></span> <span class='ocrx_word' id='word_1_236' title='bbox 703 2455 837 2499; x_wconf 89' lang='lat' dir='ltr'><strong>testis</strong></span> <span class='ocrx_word' id='word_1_237' title='bbox 859 2455 1007 2507; x_wconf 88' lang='lat' dir='ltr'><strong>fuerit,</strong></span> <span class='ocrx_word' id='word_1_238' title='bbox 1035 2455 1059 2498; x_wconf 89' lang='lat' dir='ltr'><strong>i.</strong></span> <span class='ocrx_word' id='word_1_239' title='bbox 1089 2468 1126 2498; x_wconf 92' lang='lat' dir='ltr'><strong>e.</strong></span> <span class='ocrx_word' id='word_1_240' title='bbox 1153 2455 1196 2498; x_wconf 92' lang='lat' dir='ltr'><strong>in</strong></span> <span class='ocrx_word' id='word_1_241' title='bbox 1221 2455 1524 2499; x_wconf 89' lang='lat' dir='ltr'><strong>describendo</strong></span> <span class='ocrx_word' id='word_1_242' title='bbox 1549 2456 1665 2499; x_wconf 92' lang='lat' dir='ltr'><strong>bello</strong></span> <span class='ocrx_word' id='word_1_243' title='bbox 1689 2469 1792 2499; x_wconf 92' lang='lat' dir='ltr'><strong>cum</strong></span> 
     </span>
     <span class='ocr_line' id='line_1_32' title="bbox 283 2525 1792 2583; baseline 0.001 -15"><span class='ocrx_word' id='word_1_244' title='bbox 283 2525 510 2569; x_wconf 83' lang='lat' dir='ltr'><strong>Armeniis</strong></span> <span class='ocrx_word' id='word_1_245' title='bbox 555 2529 599 2570; x_wconf 93' lang='lat' dir='ltr'><strong>et</strong></span> <span class='ocrx_word' id='word_1_246' title='bbox 638 2525 819 2570; x_wconf 79' lang='lat' dir='ltr'><strong>Parthis</strong></span> <span class='ocrx_word' id='word_1_247' title='bbox 864 2529 1012 2583; x_wconf 83' lang='lat' dir='ltr'><strong>gesto.</strong></span> <span class='ocrx_word' id='word_1_248' title='bbox 1075 2525 1262 2570; x_wconf 83' lang='lat' dir='ltr'><strong>Aliusne</strong></span> <span class='ocrx_word' id='word_1_249' title='bbox 1311 2525 1510 2583; x_wconf 77' lang='lat' dir='ltr'><strong>scriptor</strong></span> <span class='ocrx_word' id='word_1_250' title='bbox 1555 2527 1610 2570; x_wconf 92' lang='lat' dir='ltr'><strong>de</strong></span> <span class='ocrx_word' id='word_1_251' title='bbox 1658 2526 1792 2570; x_wconf 83' lang='lat' dir='ltr'><strong>Bellis</strong></span> 
     </span>
    </p>
   </div>
   <div class='ocr_carea' id='block_1_7' title="bbox 283 2595 1792 2713">
    <p class='ocr_par' dir='ltr' id='par_1_7' title="bbox 283 2595 1792 2713">
     <span class='ocr_line' id='line_1_33' title="bbox 283 2595 1792 2654; baseline 0 -14"><span class='ocrx_word' id='word_1_252' title='bbox 283 2595 557 2640; x_wconf 87' lang='lat' dir='ltr'><strong>Germaniae</strong></span> <span class='ocrx_word' id='word_1_253' title='bbox 601 2596 799 2653; x_wconf 91' lang='lat' dir='ltr'><strong>scripsit,</strong></span> <span class='ocrx_word' id='word_1_254' title='bbox 855 2597 986 2641; x_wconf 90' lang='lat' dir='ltr'><strong>cuius</strong></span> <span class='ocrx_word' id='word_1_255' title='bbox 1039 2610 1204 2641; x_wconf 94' lang='lat' dir='ltr'><strong>nomen</strong></span> <span class='ocrx_word' id='word_1_256' title='bbox 1250 2596 1407 2640; x_wconf 90' lang='lat' dir='ltr'><strong>Tacito</strong></span> <span class='ocrx_word' id='word_1_257' title='bbox 1450 2600 1629 2654; x_wconf 91' lang='lat' dir='ltr'><strong>gratum</strong></span> <span class='ocrx_word' id='word_1_258' title='bbox 1682 2597 1792 2641; x_wconf 70' lang='lat' dir='ltr'><strong>fuit?</strong></span> 
     </span>
     <span class='ocr_line' id='line_1_34' title="bbox 283 2655 1792 2713; baseline 0.001 -15"><span class='ocrx_word' id='word_1_259' title='bbox 283 2655 349 2698; x_wconf 93' lang='lat' dir='ltr'><strong>De</strong></span> <span class='ocrx_word' id='word_1_260' title='bbox 394 2656 535 2699; x_wconf 82' lang='lat' dir='ltr'><strong>Plinio</strong></span> <span class='ocrx_word' id='word_1_261' title='bbox 581 2657 751 2709; x_wconf 83' lang='lat' dir='ltr'><strong>maiore</strong></span> <span class='ocrx_word' id='word_1_262' title='bbox 806 2656 1023 2713; x_wconf 91' lang='lat' dir='ltr'><strong>imprimis</strong></span> <span class='ocrx_word' id='word_1_263' title='bbox 1062 2656 1333 2713; x_wconf 84' lang='lat' dir='ltr'><strong>cogitamus,</strong></span> <span class='ocrx_word' id='word_1_264' title='bbox 1380 2670 1513 2712; x_wconf 89' lang='lat' dir='ltr'><strong>quem</strong></span> <span class='ocrx_word' id='word_1_265' title='bbox 1562 2656 1618 2700; x_wconf 91' lang='lat' dir='ltr'><strong>de</strong></span> <span class='ocrx_word' id='word_1_266' title='bbox 1663 2657 1792 2700; x_wconf 89' lang='lat' dir='ltr'><strong>bellis</strong></span> 
     </span>
    </p>
   </div>
   <div class='ocr_carea' id='block_1_8' title="bbox 283 2817 1791 2981">
    <p class='ocr_par' dir='ltr' id='par_1_8' title="bbox 283 2817 1791 2981">
     <span class='ocr_line' id='line_1_35' title="bbox 427 2817 1791 2863; baseline -0.001 -10"><span class='ocrx_word' id='word_1_267' title='bbox 427 2817 453 2862; x_wconf 94' lang='lat'><strong>¹)</strong></span> <span class='ocrx_word' id='word_1_268' title='bbox 485 2817 569 2853; x_wconf 84' lang='lat' dir='ltr'><strong>Hoc</strong></span> <span class='ocrx_word' id='word_1_269' title='bbox 612 2818 659 2853; x_wconf 91' lang='lat' dir='ltr'><strong>de</strong></span> <span class='ocrx_word' id='word_1_270' title='bbox 700 2817 863 2854; x_wconf 91' lang='lat' dir='ltr'><strong>Claudio</strong></span> <span class='ocrx_word' id='word_1_271' title='bbox 916 2817 1122 2863; x_wconf 90' lang='lat' dir='ltr'><strong>Tacitoque</strong></span> <span class='ocrx_word' id='word_1_272' title='bbox 1167 2817 1329 2854; x_wconf 77' lang='lat' dir='ltr'><strong>affirmat</strong></span> <span class='ocrx_word' id='word_1_273' title='bbox 1378 2818 1534 2863; x_wconf 80' lang='lat' dir='ltr'><strong>Schanz‚</strong></span> <span class='ocrx_word' id='word_1_274' title='bbox 1590 2818 1673 2854; x_wconf 84' lang='lat' dir='ltr'><strong>hist.</strong></span> <span class='ocrx_word' id='word_1_275' title='bbox 1727 2817 1791 2853; x_wconf 86' lang='lat' dir='ltr'><strong>litt.</strong></span> 
     </span>
     <span class='ocr_line' id='line_1_36' title="bbox 283 2875 656 2922; baseline -0.003 -9"><span class='ocrx_word' id='word_1_276' title='bbox 283 2875 389 2913; x_wconf 84' lang='lat' dir='ltr'><strong>Rom.</strong></span> <span class='ocrx_word' id='word_1_277' title='bbox 418 2876 485 2910; x_wconf 87' lang='lat'><strong>112</strong></span> <span class='ocrx_word' id='word_1_278' title='bbox 511 2887 597 2922; x_wconf 87' lang='lat' dir='ltr'><strong>pag.</strong></span> <span class='ocrx_word' id='word_1_279' title='bbox 623 2878 656 2911; x_wconf 89' lang='grc'><strong>8.</strong></span> 
     </span>
     <span class='ocr_line' id='line_1_37' title="bbox 424 2934 1430 2981; baseline 0.002 -11"><span class='ocrx_word' id='word_1_280' title='bbox 424 2935 453 2980; x_wconf 76' lang='lat'><strong>2)</strong></span> <span class='ocrx_word' id='word_1_281' title='bbox 481 2934 526 2971; x_wconf 91' lang='lat' dir='ltr'><strong>cf.</strong></span> <span class='ocrx_word' id='word_1_282' title='bbox 554 2934 1003 2981; x_wconf 87' lang='lat' dir='ltr'><strong>Nipperdey=Andresen‚</strong></span> <span class='ocrx_word' id='word_1_283' title='bbox 1029 2936 1156 2972; x_wconf 82' lang='lat' dir='ltr'><strong>adnot.</strong></span> <span class='ocrx_word' id='word_1_284' title='bbox 1183 2936 1230 2971; x_wconf 91' lang='lat' dir='ltr'><strong>ad</strong></span> <span class='ocrx_word' id='word_1_285' title='bbox 1258 2936 1430 2972; x_wconf 84' lang='lat' dir='ltr'><strong>X11510.</strong></span> 
     </span>
    </p>
   </div>
  </div>
 </body>
</html>
