2090 3320
1045 207 1100 253 42

314 345 469 389 talium
503 344 831 404 coniugiorum,
866 359 983 403 quae
1016 346 1073 390 ad
1107 346 1149 391 id
1182 350 1365 406 tempus
1397 347 1575 393 incesta
1598 347 1827 393 habeban-

313 420 399 460 tur.
449 442 505 447 —
550 415 639 460 Pro
678 416 901 460 brevitate
946 417 1222 462 narrationis
1255 418 1338 463 Dio
1384 422 1429 463 et
1472 418 1724 464 Suetonius
1768 418 1825 462 ad

313 487 501 531 verbum
536 490 811 549 congruunt..
870 486 1029 544 Neque
1068 488 1398 545 suspicandum
1444 492 1517 533 est
1557 488 1826 534 Suetonium

315 556 471 600 Dionis
504 560 739 600 auctorem
772 557 932 609 fuisse,
980 570 1083 601 cum
1118 557 1200 602 Dio
1245 559 1347 615 plus
1393 572 1528 614 quam
1574 558 1825 604 Suetonius

312 627 495 678 referat,
530 626 649 682 quod
675 639 777 670 cum
801 627 943 671 Taciti
975 628 1127 672 verbis
1150 632 1335 685 optume
1359 628 1621 672 concordat,
1668 628 1824 684 Neque

311 696 445 754 igitur
477 709 633 741 errare
667 697 800 741 nobis
832 697 1038 742 videmur
1070 698 1273 742 arbitrati
1297 698 1501 741 Tacitum
1536 702 1823 754 ceterosque,

311 767 378 810 de.
415 768 579 823 quibus
626 768 913 824 scripsimus,
962 772 1178 812 auctores
1230 769 1302 812 hic
1346 769 1541 813 eundem
1587 773 1823 813 auctorem

310 838 530 884 habuisse
564 851 697 896 quem
732 838 854 883 initio
893 838 982 883 Xll.
1023 838 1132 892 libri,
1173 838 1197 883 i.
1238 852 1276 884 e.
1311 838 1436 883 Plinii
1474 838 1612 884 libros
1655 838 1694 882 A
1731 839 1823 883 fine

309 909 475 953 Aufidii
511 909 659 953 Bassi.
721 910 892 953 Tamen
937 911 1219 966 persuadere
1266 911 1398 954 nobis
1437 924 1527 954 non
1571 923 1821 967 possumus

308 979 581 1036 scriptorem
616 980 911 1024 occasionem
946 979 1316 1037 praetermisisse
1353 984 1458 1025 acta
1491 985 1684 1026 senatus
1717 981 1821 1024 ade-

309 1050 428 1102 undi,
463 1051 505 1094 in
539 1050 703 1107 quibus
736 1051 864 1107 plura
898 1051 1097 1107 reperire
1131 1051 1274 1108 potuit
1307 1065 1441 1108 quam
1472 1052 1591 1109 apud
1617 1050 1820 1102 Plinium,

308 1120 380 1176 qui
429 1134 518 1165 non
569 1124 668 1164 erat
721 1135 776 1165 ea
829 1121 1059 1178 dignitate,
1113 1121 1183 1165 cui
1232 1124 1288 1165 ab
1331 1122 1682 1179 imperatoribus
1722 1134 1821 1177 per-

308 1190 576 1243 mitteretur,
623 1196 671 1235 ut
703 1193 819 1235 actis
852 1195 1046 1235 senatus
1079 1195 1297 1244 uteretur,
1344 1205 1446 1236 cum
1492 1196 1595 1236 acta
1641 1192 1820 1249 publica

307 1274 410 1305 eum
444 1261 705 1319 inspexisse
728 1261 844 1306 inter
866 1274 1029 1305 omnes
1051 1264 1247 1306 constet.
1285 1262 1470 1306 Tacitus
1500 1266 1668 1315 autem,
1702 1275 1819 1319 quae

306 1333 349 1376 in
383 1333 456 1376 illo
489 1336 655 1376 senatu
689 1336 822 1390 gesta
862 1336 984 1385 sunt,
1030 1332 1287 1377 distinctius
1327 1332 1554 1384 describit,
1603 1347 1737 1389 quam
1773 1337 1820 1377 ut

305 1404 348 1446 in
382 1402 583 1447 historiis
616 1401 819 1446 invenire
852 1403 1062 1459 potuerit.
1103 1403 1219 1447 Nam
1244 1402 1364 1447 unde
1386 1406 1633 1459 acceperat
1660 1402 1818 1447 Vitelli-

305 1487 380 1517 um
414 1474 566 1518 subito
599 1473 641 1516 in
676 1477 839 1517 senatu
873 1473 1148 1530 apparuisse
1180 1473 1329 1529 ibique
1353 1476 1459 1516 ante
1492 1471 1606 1516 alios
1639 1472 1817 1517 veniam

304 1544 482 1589 dicendi
516 1543 804 1600 poposcisse,
845 1545 1174 1588 obtestantem:
1223 1557 1450 1587 summam
1490 1543 1815 1600 rempublicam

304 1615 403 1672 agi?
437 1614 582 1659 Nemo
617 1614 735 1659 enim
771 1615 945 1671 putabit
967 1614 1111 1659 Vitelli
1135 1615 1273 1659 verba
1301 1628 1327 1658 a
1349 1613 1506 1659 Tacito
1529 1614 1815 1671 antiquorum

303 1686 578 1741 scriptorum
608 1698 738 1731 vmore
771 1689 870 1730 arte
910 1686 1091 1730 inventa
1130 1699 1257 1729 esse:
1307 1685 1534 1730 Similiora
1573 1685 1731 1728 Dionis
1771 1689 1816 1728 et

303 1756 509 1800 Suetonii
542 1756 694 1799 verbis
727 1759 848 1809 sunt,
882 1769 1018 1811 quam
1052 1759 1100 1800 ut
1132 1755 1173 1799 id
1208 1759 1334 1812 putet
1369 1755 1606 1812 quispiam.
1663 1755 1814 1808 lmmo,

303 1827 442 1869 verba
476 1826 576 1883 ipsa
608 1825 754 1869 Vitelli
788 1825 904 1869 satis
938 1825 1069 1869 nobis
1103 1826 1346 1869 manifesto
1380 1825 1597 1883 originem
1624 1825 1814 1881 prodere

304 1896 533 1940 videntur:
582 1896 804 1953 Princeps
836 1896 993 1940 Tacito
1027 1901 1189 1940 auctor
1222 1900 1321 1953 erat
1354 1896 1546 1948 Plinius;
1596 1909 1709 1939 usus
1742 1900 1814 1939 est

303 1971 470 2020 autem,
511 1981 600 2024 quo
633 1968 755 2012 hunc
788 1967 1041 2025 corrigerat
1080 1967 1148 2012 vel
1183 1966 1493 2023 amplificaret,
1528 1965 1645 2010 actis
1678 1979 1812 2010 sena-

301 2042 395 2093 tus;
430 2051 624 2095 eamque
657 2039 713 2082 ob
738 2051 832 2082 rem
856 2038 1061 2083 Tacitum
1086 2037 1237 2095 potius
1260 2030 1507 2095 sequemur
1529 2040 1809 2081 narrantem:

302 2109 538 2153 Claudium
583 2108 625 2153 in
664 2113 830 2153 senatu
870 2109 1104 2154 decretum
1147 2113 1326 2166 patrum
1366 2109 1625 2165 accepisse;
1675 2120 1810 2164 quam

299 2183 498 2232 ceteros,
533 2179 606 2236 qui
640 2183 796 2237 patres
844 2180 886 2223 in
935 2180 1151 2237 palatium
1195 2184 1359 2224 euntes
1401 2171 1588 2223 faciunt.
1652 2178 1810 2233 Neque

300 2251 486 2294 nescius
518 2250 705 2294 Tacitus
738 2252 794 2294 ab
827 2252 989 2295 horum
1024 2250 1283 2294 narratione
1326 2250 1591 2306 discrepare
1622 2250 1809 2300 videtur,

298 2320 469 2376 optimo
501 2320 628 2363 fonte
661 2320 804 2363 nisus.
839 2346 893 2350 —
929 2319 1101 2363 Deinde
1133 2319 1320 2363 Tacitus
1348 2322 1393 2362 et
1416 2319 1667 2363 Suetonius
1691 2317 1808 2361 idem

298 2404 487 2435 narrare
521 2395 737 2449 pergunt:
771 2391 877 2436 Tac.
911 2391 951 2435 7.
1015 2389 1112 2435 Nec
1155 2393 1309 2436 tamen
1355 2393 1566 2448 repertus
1611 2392 1683 2434 est
1724 2387 1808 2433 nisi

298 2474 418 2504 unus
462 2461 567 2505 talis
612 2461 882 2505 matrimonii
928 2462 1119 2518 cupitor,
1172 2461 1375 2506 Alledius
1418 2462 1622 2506 Severus
1666 2473 1808 2516 eques

298 2533 546 2585 Romanus,
602 2546 736 2588 quem
794 2532 996 2588 plerique
1040 2532 1318 2590 Agrippinae
1372 2531 1517 2589 gratia
1565 2527 1806 2588 impulsum

295 2604 516 2647 ferebant.
568 2629 622 2633 —
672 2602 791 2646 ldem
825 2602 960 2646 tradit
993 2603 1243 2647 Suetonius
1278 2603 1515 2660 (Claudius
1547 2602 1637 2658 26),
1670 2602 1806 2645 etiam

295 2674 434 2717 verbo
483 2672 739 2731 reperiundi
788 2685 920 2717 usus:
980 2673 1080 2717 Non
1129 2672 1336 2730 repertis,
1385 2672 1457 2729 qui
1505 2676 1808 2729 sequerentur

295 2746 567 2801 exemplum,
601 2747 795 2800 excepto
830 2744 1036 2788 libertino
1070 2745 1267 2801 quodam
1295 2748 1339 2788 et
1362 2745 1506 2789 altero
1530 2741 1804 2801 primipilari,

294 2814 426 2859 cuius
459 2815 718 2872 nuptiarum
751 2814 967 2859 officium
1016 2819 1060 2859 et
1107 2815 1206 2872 ipse
1254 2828 1357 2859 cum
1397 2814 1645 2872 Agrippina
1689 2815 1805 2858 cele-

293 2886 453 2930 bravit.
487 2912 543 2917 -—
575 2887 762 2931 Tacitus
796 2900 878 2931 cur
910 2887 1032 2930 hunc
1061 2887 1315 2931 libertinum
1351 2900 1439 2930 non
1474 2886 1804 2941 memoraverit,
