2090 3320
1007 172 1035 218 9

868 311 943 357 De
976 311 1191 358 Claudio

271 384 499 441 scriptore
546 386 593 427 et
638 386 828 427 auctore
871 382 1013 426 Taciti
1061 395 1182 426 nunc
1226 381 1360 426 nobis
1400 381 1642 425 dicendum
1692 385 1779 425 est.

273 453 361 502 Qui
393 453 641 510 imperator
672 454 715 497 in
758 466 947 498 numero
985 453 1428 498 studiosissimorum
1461 452 1577 496 illius
1609 451 1778 496 aetatis

274 521 550 579 scriptorum
584 522 689 580 quin
719 522 950 579 putandus
982 522 1054 575 sit,
1087 523 1280 567 dubitari
1314 536 1404 567 non
1435 525 1603 579 potest.
1638 521 1780 565 Etiam

273 593 316 638 in
369 593 623 650 principatu
682 593 868 650 scripsit
920 593 1170 650 plurimum,
1234 598 1281 639 ut
1331 592 1583 640 Suetonius
1644 592 1781 637 tradit

274 662 449 721 (Claud.
483 664 561 721 41).
625 664 717 709 Sed
752 664 855 721 quid
889 676 946 707 ex
979 662 1078 707 eius
1110 663 1295 721 scriptis
1334 664 1377 708 in
1412 667 1650 720 posterum
1683 675 1779 706 ser-

272 738 425 779 vatum
458 735 530 788 sit,
570 736 791 780 incertum
831 748 939 779 esse
980 735 1295 793 intellegimus,
1344 748 1447 779 cum
1483 734 1565 778 Dio
1600 733 1692 790 (LX
1724 735 1782 777 34

274 805 406 859 extr.)
449 807 536 849 hac
568 805 624 850 de
663 818 712 849 l‘e
752 805 943 849 Scribat:
994 807 1051 847 Ίὰ
1084 807 1162 860 γὰρ
1200 808 1422 860 γράμματα
1460 810 1534 847 τοῦ
1565 805 1781 846 Κλαυδίου

273 910 385 918 .....
440 877 710 931 (Νάρκισσος)
762 878 893 918 πάντα
943 879 1291 931 προκατέκαυσεν.
1356 877 1574 919 Fortasse
1613 875 1656 919 ln
1710 874 1781 918 his

273 948 485 1001 γράμμασι
542 945 715 1002 scripta
768 946 986 989 historica
1038 946 1327 1003 imperatoris
1381 950 1524 990 erant.
1592 944 1778 1001 Polybio

271 1016 403 1068 enim,
437 1015 510 1072 qui
535 1015 706 1060 Claudii
732 1015 937 1058 minister
960 1017 1016 1059 ab
1041 1015 1205 1059 studiis
1228 1020 1328 1059 erat
1361 1016 1505 1072 (Suet.
1527 1015 1684 1060 Claud.
1705 1015 1779 1070 28)

273 1086 360 1129 iam
398 1099 520 1130 anno
561 1087 630 1129 47.
670 1099 697 1129 a
738 1085 1000 1129 Messallina
1038 1089 1203 1129 necato
1242 1099 1344 1129 cum
1390 1080 1625 1142 nusquam
1657 1099 1777 1130 comv

274 1156 506 1212 periamus
552 1156 686 1199 alium
736 1157 856 1199 hunc
903 1156 1051 1199 locum
1100 1156 1368 1208 obtinuisse,
1417 1156 1658 1200 verisimile
1708 1159 1780 1199 est

275 1225 510 1279 Narcisso,
544 1239 677 1283 quem
711 1226 767 1269 ab
791 1225 999 1282 epistulis
1030 1226 1177 1270 fuisse
1201 1226 1452 1271 Suetonius
1482 1228 1643 1272 eodem
1677 1228 1778 1271 loco

276 1296 395 1349 dicit,
441 1297 558 1340 inter
601 1296 689 1340 alia
734 1309 876 1352 opera
920 1296 1139 1340 historica
1182 1296 1355 1341 Claudii
1397 1298 1614 1341 mandata
1658 1310 1780 1341 esse.

274 1367 506 1416 Quantum
540 1380 597 1411 ex
630 1366 815 1424 scriptis
838 1366 1127 1424 imperatoris
1160 1372 1206 1413 et
1235 1368 1384 1424 qualia
1416 1368 1614 1412 flammis
1646 1368 1781 1412 tradi-

276 1437 404 1490 derit,
453 1438 700 1481 nescimus.
765 1437 858 1481 Sed
891 1437 1128 1490 terminus,
1181 1440 1237 1482 ad
1272 1451 1419 1494 quem,
1458 1439 1577 1494 quod
1619 1442 1783 1495 postea

274 1511 531 1564 supererat,
566 1507 834 1564 pertinebat,
882 1521 940 1552 ex
973 1507 1194 1552 Suetonio
1229 1512 1365 1552 notus
1405 1512 1477 1552 est
1510 1507 1685 1564 (Claud.
1720 1509 1779 1551 21,

274 1623 336 1669 (cf.
362 1624 594 1668 Mommsen,
626 1626 706 1661 acta
738 1625 872 1662 Societ.
906 1625 996 1672 Reg.
1028 1624 1167 1661 Saxon.
1206 1625 1253 1660 111
1288 1636 1374 1672 pag.
1406 1626 1486 1669 553,
1512 1625 1598 1668 696;
1636 1625 1783 1671 Zange-

274 1683 439 1727 meister,
457 1681 515 1721 36.
537 1684 752 1721 Festschrift
770 1685 838 1722 der
858 1684 1033 1722 Heidelb.
1061 1684 1153 1721 Phil.
1180 1685 1286 1721 Vers.
1312 1695 1398 1731 pag.
1429 1683 1525 1731 102).
1566 1684 1652 1721 Hoc
1675 1694 1785 1730 argu-

274 1745 443 1779 mentum
465 1743 609 1779 interim
632 1734 833 1780 infirmavit
852 1744 1019 1788 Miinzer,
1046 1743 1110 1789 qui
1131 1743 1167 1779 in
1189 1743 1314 1779 Musei
1335 1743 1504 1781 Rhenani
1519 1743 1711 1779 volumine
1725 1744 1783 1779 62.

276 1802 378 1849 (pag.
402 1802 603 1848 161—169)
631 1802 713 1849 ipse
739 1814 893 1849 quoque
918 1803 967 1839 de
986 1801 1140 1839 Aufidio
1161 1804 1198 1839 et
1218 1801 1339 1850 Plinio
1360 1801 1506 1849 scripsit
1526 1804 1562 1839 et
1581 1805 1784 1849 utrumque

272 1860 450 1897 librorum
476 1861 676 1897 terminum
703 1872 844 1897 annum
871 1873 906 1908 p.
933 1862 1021 1898 Chr.
1043 1872 1078 1897 n.
1100 1862 1157 1896 51.
1185 1860 1263 1896 fere
1289 1861 1496 1897 arbitratur.
1525 1861 1672 1897 Deinde
1698 1862 1784 1907 quis

274 1930 414 1965 negare
428 1921 553 1964 potest
565 1930 650 1956 eum
662 1919 816 1956 Aufidio
831 1920 968 1957 eodem
983 1919 1101 1956 modo
1115 1929 1226 1956 usum
1238 1919 1352 1955 esse?
1368 1919 1565 1956 Praeterea
1575 1920 1783 1956 admodum

274 1977 430 2014 dubium
457 1977 611 2022 videtur,
638 1989 728 2014 num
755 1989 856 2015 anno
882 1979 974 2023 519„
995 1989 1073 2025 quo
1094 1978 1364 2015 Cassiodorius
1385 1978 1646 2015 chronicorum
1667 1979 1783 2016 libros

275 2036 430 2083 scripsit,
457 2036 597 2073 Aufidii
618 2048 716 2083 opus
743 2037 935 2082 exstiterit,
961 2039 1164 2083 postquam
1187 2048 1288 2074 anno
1309 2038 1390 2073 275.
1410 2037 1614 2084 imperator
1633 2038 1784 2075 Tacitus

275 2095 464 2142 scriptoris
477 2096 593 2132 Taciti
607 2106 723 2142 opera
737 2095 774 2131 in
788 2096 967 2132 omnibus
981 2095 1218 2132 bibliothec1s
1233 2095 1479 2141 collocandaq
1501 2096 1783 2143 quotannisque

275 2154 401 2191 decies
421 2154 670 2192 describenda
689 2154 884 2201 curavit*),
905 2166 982 2201 quo
1003 2166 1051 2192 ex
1064 2157 1237 2202 tempore
1258 2155 1432 2193 Aufidius
1455 2156 1509 2203 (et
1528 2168 1603 2193 una
1625 2157 1783 2203 Plinius)

274 2213 454 2249 oblivioni
480 2214 658 2259 paulatim
678 2214 800 2250 traditi
822 2216 919 2250 sunt.
957 2214 1133 2259 Sequitur
1161 2215 1274 2261 igitur
1293 2215 1581 2252 Cassiodorium
1603 2216 1664 2251 vix
1685 2227 1784 2262 opus

275 2270 517 2308 Aufidianum
550 2272 673 2319 ipsum
710 2273 901 2311 habuisse.
940 2295 983 2299 ——
1024 2274 1109 2321 lpse
1137 2274 1280 2311 Plinius
1312 2275 1360 2311 de
1398 2274 1493 2311 libro
1527 2284 1598 2310 suo
1630 2274 1718 2310 dicit
1744 2274 1780 2310 in

275 2331 360 2367 Nat.
398 2331 482 2367 hist.
517 2332 670 2378 praefat.
696 2334 759 2369 20:
791 2335 1006 2379 temporum
1042 2335 1257 2370 nostrorum
1292 2333 1497 2377 historiam,
1545 2334 1621 2369 orsi
1654 2344 1676 2369 a
1707 2333 1784 2368 fine

275 2388 414 2425 Aufidii
442 2389 560 2426 Bassi.
601 2411 642 2416 —
682 2390 846 2437 Scriptor
870 2402 971 2427 anno
996 2392 1052 2427 31.
1079 2391 1146 2427 Vll
1180 2391 1321 2427 circiter
1350 2401 1536 2426 annorum
1570 2401 1663 2436 puer
1694 2393 1782 2434 erat,

274 2450 315 2485 ut
352 2449 382 2486 si
409 2449 521 2487 huius
554 2449 657 2487 verbi
692 2450 875 2487 rationem
910 2450 1095 2487 habemus
1133 2450 1170 2497 (i.
1204 2461 1235 2486 e.
1269 2452 1483 2497 temporum
1518 2451 1783 2486 nostrorum

274 2508 497 2554 historiam),
529 2520 644 2545 nemo
677 2510 734 2554 sit,
766 2510 831 2554 qui
863 2510 989 2545 credat
1021 2520 1120 2551 eum,
1155 2520 1253 2554 quae
1285 2520 1326 2544 se
1352 2520 1471 2554 puero
1503 2511 1611 2554 gesta
1645 2511 1784 2552 essent,

275 2566 370 2604 libro
397 2578 468 2604 suo
487 2567 704 2613 inseruisse,
732 2567 799 2604 sed
825 2566 873 2603 ad
899 2566 1044 2603 initium
1075 2567 1207 2603 saltem
1235 2566 1353 2613 quinti
1380 2578 1415 2613 p.
1435 2565 1524 2603 Chr.
1551 2577 1586 2602 n.
1613 2566 1786 2603 decennii

275 2620 551 2672 perveniamus.
601 2627 713 2663 Anno
748 2628 805 2662 47.
838 2637 913 2663 una
950 2637 1034 2662 cum
1068 2625 1288 2662 Corbulone
1322 2627 1422 2673 apud
1456 2626 1659 2662 exercitum
1693 2626 1786 2662 Ger-

275 2684 463 2721 manicum
489 2684 608 2720 fuisse
634 2687 747 2730 atque
777 2686 857 2720 tum
889 2684 1067 2720 librorum
1094 2684 1142 2719 de
1170 2684 1281 2719 Bellis
1307 2684 1535 2720 Germaniae
1562 2685 1785 2730 scriptorum

273 2743 389 2779 finem
415 2742 551 2780 fecisse
577 2743 733 2788 videtur,
775 2745 817 2779 ut
853 2742 924 2779 illis
963 2741 996 2778 A
1027 2741 1104 2778 fine
1137 2741 1278 2778 Aufidii
1323 2742 1430 2779 Bassi
1469 2742 1582 2788 libris,
1622 2753 1782 2788 quorum

274 2802 419 2838 initium
441 2813 542 2838 anno
560 2803 618 2838 48.
638 2802 935 2848 adsignavimus‚
963 2801 1065 2837 Bella
1086 2801 1315 2837 Germaniae
1339 2802 1583 2837 continuasse
1603 2802 1785 2837 videatur.

416 2861 447 2907 *)
478 2861 574 2898 Flav.
601 2861 754 2909 Vopisc.
784 2862 838 2908 10,
864 2862 898 2901 3.
