2090 3320
290 351 408 406 quod
443 351 775 394 conclusimus:
809 350 1013 395 Tacitum
1048 353 1164 395 haec
1198 351 1348 395 omnia
1381 350 1422 393 in
1457 350 1573 394 actis
1607 354 1799 394 senatus

287 420 545 477 repperisse
597 421 637 464 in
681 422 864 465 dubium
913 422 1065 466 vocari
1109 422 1295 466 videtur.
1361 420 1438 465 Ubi
1496 421 1692 477 scriptor
1745 421 1801 465 de

290 491 494 547 pomerio
526 491 650 535 urbis
693 492 851 536 scribit
888 492 960 535 his
997 492 1165 536 verbis:
1209 492 1263 536 Et
1296 505 1412 548 quos
1449 496 1543 535 tum
1586 491 1801 536 Claudius

288 562 509 606 terminos
550 563 767 619 posuerit,
813 564 946 607 facile
986 563 1170 620 cognitu
1217 568 1261 607 et
1306 562 1497 619 publicis
1542 562 1658 607 actis
1702 576 1801 619 per-

287 631 522 688 scriptum.
557 660 612 664 -—
648 633 761 678 Cum
796 633 931 691 igitur
963 646 1104 690 supra
1137 632 1434 677 statuerimus
1469 636 1664 676 senatus
1696 635 1801 675 acta

288 702 459 745 adiisse
491 703 711 755 Tacitum,
747 704 845 759 ipse
880 704 1015 746 docet
1048 707 1152 746 acta
1185 716 1237 745 se
1270 702 1441 745 adiisse
1475 702 1647 753 diurna,
1682 702 1800 756 quod

288 785 342 814 ea
377 785 424 815 re
459 772 769 825 confirmatur,
819 774 938 828 quod
973 773 1014 815 in
1049 771 1220 816 diurnis
1253 771 1370 815 actis
1404 784 1548 815 novas
1587 772 1713 827 leges
1758 774 1803 814 et

288 842 437 886 edicta
482 843 749 887 brevissime
794 843 965 900 scripta
1012 856 1119 886 esse
1173 841 1365 886 vidimus
1414 846 1533 899 (pag.
1579 842 1649 885 26.
1698 842 1800 894 27.).

288 912 448 968 Neque
512 926 621 957 vero
692 913 864 958 Claudii
931 913 1184 957 orationem
1249 912 1290 955 in
1356 912 1538 956 Lolliam
1600 911 1801 955 habitam

288 983 617 1039 historiamque
677 983 864 1040 pomerii
918 983 959 1026 in
1022 983 1088 1026 eis
1142 983 1338 1039 scriptor
1390 981 1591 1039 reperire
1645 981 1801 1039 potuit.

290 1053 487 1098 Maxime
521 1054 653 1111 igitur
685 1054 924 1097 verisimile
957 1057 1028 1097 est
1060 1054 1263 1097 Tacitum
1298 1054 1415 1096 actis
1441 1056 1635 1096 senatus
1669 1066 1801 1097 usum

289 1138 405 1176 eum,
441 1126 513 1180 qui
547 1125 766 1168 terminos
801 1124 986 1181 pomerii
1021 1123 1140 1168 scire
1173 1125 1306 1168 vellet
1339 1137 1486 1179 neque
1530 1127 1636 1167 acta
1669 1137 1801 1168 sena-

289 1199 377 1246 tus,
427 1196 592 1252 quippe
633 1209 751 1251 quae
792 1196 848 1238 ab
894 1207 980 1237 usu
1027 1194 1205 1250 publico
1255 1197 1621 1245 secernerentur,
1676 1194 1802 1237 adire

290 1267 463 1321 posset,
510 1267 566 1309 ad
607 1266 784 1321 publica
834 1269 939 1308 acta
989 1265 1216 1321 delegare,
1265 1278 1382 1319 quae
1431 1264 1473 1307 in
1518 1263 1803 1308 bibliothecis

290 1335 515 1392 inspicere
549 1335 731 1378 cuilibet
765 1334 943 1378 licebat.

432 1405 549 1448 Acta
585 1405 778 1461 publica,
812 1417 929 1460 quae
957 1404 1029 1447 hic
1062 1404 1364 1455 nominantur,
1398 1405 1466 1465 vel
1494 1403 1651 1446 diurna
1676 1404 1800 1447 urbis

290 1478 395 1517 acta
428 1477 523 1518 fere
557 1475 674 1518 actis
707 1480 900 1518 senatus
942 1475 1108 1531 opponi
1150 1475 1236 1517 iam
1279 1474 1321 1517 in
1362 1474 1505 1530 prima
1546 1478 1676 1530 parte
1716 1474 1802 1517 dis-

291 1544 541 1600 putationis
589 1549 777 1588 nostrae
826 1545 945 1588 satis
999 1545 1349 1588 demonstrasse
1403 1544 1533 1588 nobis
1587 1544 1802 1589 videmur.

289 1615 458 1658 Tamen
494 1614 566 1670 qui
600 1614 804 1658 Tacitum
839 1615 956 1659 actis
990 1628 1123 1658 usum
1159 1628 1266 1658 esse
1300 1616 1432 1671 plane
1468 1618 1649 1672 negant,
1683 1615 1802 1658 hanc

290 1699 384 1727 rem
420 1686 460 1727 in
496 1686 678 1728 dubium
713 1698 880 1728 vocare
913 1686 1199 1728 studuerunt.
1265 1686 1409 1727 Aliam
1445 1686 1684 1740 ingressus
1730 1689 1803 1728 est

289 1755 404 1798 viam
442 1754 728 1799 Friedericus
762 1755 851 1799 Leo
894 1755 935 1799 in
971 1756 1193 1811 opusculo
1235 1755 1354 1811 quod
1396 1754 1673 1798 inscribitur:
1724 1754 1804 1798 Die

288 1826 722 1868 staatsrechtlichen
758 1826 963 1869 Excurse
997 1826 1039 1868 in
1073 1825 1272 1868 Tacitus*
1308 1825 1580 1877 Annalen1).
1635 1825 1803 1872 Quam-

290 1908 426 1949 quam
461 1908 627 1952 magno
662 1895 871 1940 acumine
896 1895 1059 1952 ingenii
1085 1909 1176 1938 rem
1203 1895 1323 1946 adiit,
1359 1898 1510 1938 tamen
1534 1895 1606 1937 hic
1630 1898 1802 1946 (cetera

290 1964 542 2019 disquirere
576 1969 735 2008 nostra
770 1978 859 2008 non
895 1965 1102 2017 interest)
1137 1979 1239 2008 eum
1271 1964 1399 2019 sequi
1424 1977 1513 2007 non
1539 1977 1802 2020 possumus.

291 2033 489 2077 Primum
524 2035 623 2090 ipse
646 2034 828 2078 Tacitus
862 2039 966 2078 acta
1003 2034 1182 2091 publica
1217 2034 1419 2078 nominat
1453 2034 1677 2090 (quamvis
1706 2035 1804 2090 ipse

289 2104 406 2148 actis
440 2109 633 2149 senatus
668 2109 821 2159 usus);
857 2119 942 2149 nec
965 2106 1205 2161 quicquam
1231 2106 1349 2160 quod
1386 2104 1636 2149 adversarii
1671 2105 1804 2148 huius

289 2175 547 2218 sententiae
571 2179 731 2218 contra
757 2176 1053 2231 protulerunt,
1078 2177 1230 2219 valere
1254 2175 1386 2219 nobis
1410 2175 1596 2219 videtur.
1632 2174 1804 2218 Deinde

291 2258 391 2287 eam
427 2246 484 2287 ob
518 2258 614 2288 rem
650 2246 837 2288 credere
880 2259 968 2289 non
1004 2259 1256 2301 possumus
1289 2246 1494 2289 Tacitum
1535 2245 1607 2288 hic
1647 2244 1804 2288 librum

291 2313 400 2356 iuris
434 2314 597 2369 publici
644 2315 919 2371 inspexisse,
966 2316 1084 2371 quod
1125 2316 1255 2359 solus
1295 2315 1482 2358 Tacitus
1528 2316 1613 2371 (vel
1655 2314 1806 2371 potius

293 2383 528 2436 Claudius)
576 2397 742 2428 nomen
786 2385 979 2442 Augusti
1025 2386 1241 2437 nominat,
1286 2385 1406 2441 quod
1453 2384 1663 2429 omittunt
1707 2385 1805 2440 ipse

290 2454 531 2510 Augustus
551 2454 583 2509 2)
635 2455 955 2510 Vespasianus
974 2459 1005 2508 3)
1060 2455 1231 2499 Gellius
1249 2458 1296 2508 ⁴),
1346 2459 1393 2497 ut
1442 2455 1804 2498 concludendum

437 2599 464 2643 ¹)
493 2599 584 2635 Acta
613 2600 741 2635 societ.
769 2600 963 2645 Goetting.
994 2600 1094 2635 1896.
1122 2611 1206 2645 pag.
1231 2601 1308 2635 191.

436 2658 465 2702 2)
494 2658 538 2694 cf.
565 2658 848 2694 Mommentum
876 2657 1116 2704 Ancyranum
1144 2657 1176 2693 C
1193 2658 1204 2693 1
1223 2659 1248 2693 L
1277 2659 1323 2693 ΙΙΙ
1341 2658 1420 2693 769.

435 2717 463 2761 3)
492 2716 536 2752 cf.
564 2716 688 2762 legem
716 2717 764 2752 de
791 2716 950 2762 imperio
977 2716 1201 2761 Vespasiani
1231 2718 1273 2751 14
1302 2716 1423 2761 (CIL
1449 2716 1497 2752 Vl
1525 2716 1624 2761 930).

434 2776 463 2820 ⁴)
492 2775 590 2811 Gell.
619 2776 775 2819 V11114,
803 2776 866 2812 ubi
894 2775 1049 2810 nomina
1077 2774 1213 2819 Sullae,
1242 2775 1286 2811 D.
1303 2775 1399 2820 Julii,
1428 2775 1473 2811 D.
1505 2775 1653 2811 Claudii
1680 2775 1807 2810 dicun-

289 2835 357 2868 tur.
395 2833 566 2868 Omnino
599 2834 647 2868 de
680 2833 758 2868 iure
791 2833 956 2878 augendi
990 2833 1147 2878 pomerii
1181 2833 1225 2868 cf.
1259 2834 1491 2876 Mommsen,
1529 2833 1635 2871 Rom.
1669 2832 1807 2868 Staats-

290 2892 392 2928 recht
419 2893 515 2937 1112,
543 2903 628 2938 pag.
655 2892 735 2928 992.
762 2892 846 2928 993.
