2090 3320
1043 243 1096 288 12

305 381 405 426 eius
437 382 495 426 ad
529 385 742 427 senatum
776 381 962 436 missas,
997 396 1115 439 quae
1141 383 1363 428 collectae
1395 382 1484 426 hoc
1515 380 1643 427 titulo
1666 380 1816 427 editae

303 456 424 495 sunt.
474 452 593 497 Ante
626 452 961 521 expeditionem
994 453 1249 510 Syriacam,
1283 453 1356 497 ubi
1390 452 1663 498 Corbulonis
1695 452 1815 510 apud

305 523 509 566 Tacitum
544 523 713 567 mentio
745 523 810 576 t'it,
844 525 933 568 hoc
966 524 1021 568 de
1055 524 1167 568 libro
1201 528 1398 571 nonest
1430 523 1735 582 cogitandum.

556 672 650 731 De
691 673 864 731 actis
905 677 1196 732 senatus
1236 677 1302 732 et
1341 674 1563 742 populi

304 789 540 845 disputare
575 791 633 833 ad
667 794 950 847 postremum
983 791 1282 835 servavimus.
1346 790 1557 845 Utrisque
1598 803 1651 833 se
1683 802 1816 833 usum

304 873 413 905 esse
446 861 647 918 scriptor
679 861 779 918 ipse
814 862 1038 907 declarat:
1085 862 1171 906 XV
1209 862 1266 905 74
1298 860 1477 918 reperio
1511 860 1553 904 in
1587 873 1815 905 commen-

304 931 433 974 tariis
496 935 714 985 senatus;
786 932 890 975 1113
949 945 1038 976 ηοη
1101 932 1262 975 diurna
1320 934 1528 975 actorum
1587 930 1817 986 scriptura

304 1001 498 1056 reperio.
564 1001 609 1045 ln
644 1002 824 1046 duobus
848 1002 932 1046 illis
966 1001 1104 1056 libris,
1138 1002 1193 1046 de
1217 1001 1381 1058 quibus
1403 1000 1616 1057 scripturi
1640 1013 1816 1053 sumus,

303 1073 446 1115 semel
493 1076 600 1116 acta
639 1077 972 1117 memorantur:
1021 1073 1182 1116 Xll24
1221 1076 1266 1117 et
1309 1069 1557 1128 quos‘tum
1599 1070 1816 1115 Claudius

302 1142 525 1186 terminos
565 1143 785 1199 posuerit,
835 1143 969 1187 facile
1016 1142 1200 1201 cognitu
1244 1147 1289 1187 et
1328 1142 1518 1199 publicis
1556 1141 1677 1185 actis
1716 1153 1814 1197 per-

303 1211 538 1268 scriptum.
572 1239 624 1244 ---»
662 1213 797 1261 Quod
831 1213 903 1256 hic
935 1201 1122 1257 Tacitus
1155 1213 1325 1265 scribit,
1372 1213 1457 1256 etsi
1491 1212 1667 1256 videtur
1700 1211 1817 1255 satis

304 1282 597 1338 perspicuum
639 1295 763 1335 esse,
803 1286 957 1326 tamen
999 1296 1089 1327 non
1138 1283 1342 1335 defuere,
1391 1282 1463 1338 qui
1513 1283 1629 1326 haec
1677 1282 1817 1325 verba

304 1352 434 1395 aliter
481 1352 895 1408 interpretarentur
949 1356 1089 1408 atque
1128 1352 1166 1396 si
1207 1353 1309 1409 quis
1356 1353 1506 1397 animo
1556 1365 1647 1396 non
1680 1364 1814 1395 occu-

304 1426 412 1477 pato
439 1422 495 1464 ad
520 1435 615 1466 rem
640 1422 813 1466 adierit.
860 1422 1202 1479 Componimus,
1232 1423 1395 1479 quibus
1420 1423 1460 1466 id
1487 1426 1814 1479 cognoscatur:

307 1503 463 1556 Ritter,
497 1504 650 1548 adnot.
700 1505 756 1548 ad
805 1504 881 1548 Χ11
921 1506 979 1548 24
1028 1505 1088 1562 (in
1130 1505 1233 1549 edit.
1282 1505 1543 1562 Cantabrig.
1577 1504 1694 1548 1848.
1758 1505 1815 1548 ci.

448 1574 646 1627 Schanz,
664 1574 765 1618 hist.
784 1575 860 1619 litt.
887 1576 969 1619 vol.
987 1574 1058 1619 112
1072 1587 1173 1632 pag.
1187 1576 1291 1632 252)
1308 1576 1534 1628 „Publicis
1553 1575 1697 1619 actis“
1712 1575 1817 1618 dicit

447 1649 552 1689 acta
585 1650 780 1689 senatus
814 1649 866 1690 et
899 1646 1049 1703 populi
1076 1646 1263 1691 Romani
1297 1646 1502 1690 diurnam
1527 1646 1815 1702 scripturam.

306 1716 455 1767 Fabia,
507 1717 592 1759 Les
626 1729 823 1760 sources
856 1717 912 1760 de
944 1716 1113 1760 Tacite.
1179 1716 1309 1760 Paris
1343 1718 1460 1761 1893.
1515 1728 1617 1774 pag.
1649 1717 1750 1760 323,

445 1785 749 1829 Nominantur
781 1798 962 1842 quoque
996 1786 1038 1829 in
1072 1785 1228 1831 XXlV.
1263 1786 1412 1843 capite
1445 1786 1535 1829 Xll.
1570 1786 1665 1830 libri
1711 1790 1816 1830 acta

446 1855 639 1911 publica,
672 1868 790 1911 quae
823 1860 932 1899 sunt
966 1870 1113 1912 neque
1147 1860 1343 1901 senatus
1376 1870 1524 1913 neque
1557 1857 1722 1913 populi.

305 1925 580 1981 Nipperdey,
624 1925 666 1968 in
713 1925 925 1978 editione,
965 1926 1118 1970 adnot.
1160 1928 1217 1970 ad
1256 1927 1332 1970 ΧΙΙ
1373 1928 1448 1970 24:
1503 1930 1609 1970 acta
1656 1926 1817 1970 diurna

446 1997 514 2039 vel
549 1996 699 2051 populi
735 1996 938 2049 Romani,
980 1997 1036 2040 de
1070 1997 1234 2053 quibus
1267 1998 1323 2041 ad
1359 1996 1461 2050 1113,
1503 1997 1575 2040 hic
1608 1997 1692 2040 dici
1727 2010 1816 2040 non

447 2069 657 2121 possunt.
713 2066 851 2109 Erant
884 2066 1063 2122 publica
1097 2067 1386 2119 documenta,
1421 2067 1757 2123 inscriptiones.

306 2136 409 2187 Leo,
445 2135 525 2178 Die
559 2137 870 2179 staatsrechtl.
906 2137 1110 2181 Excurse
1144 2137 1186 2180 in
1220 2137 1325 2181 Tac.
1360 2138 1522 2181 Annal.
1557 2138 1675 2180 Acta
1709 2136 1816 2181 Soc.

518 2205 746 2263 Goetting.
781 2206 898 2249 1896.
954 2207 1014 2250 18.
1050 2207 1140 2266 Juli.
1175 2220 1277 2265 pag.
1311 2208 1454 2260 200,2.

447 2277 563 2320 Acta
597 2276 778 2333 publica
812 2289 901 2320 non
936 2281 1043 2321 sunt
1076 2277 1251 2331 diurna,
1304 2282 1352 2321 ut
1390 2277 1652 2335 Nipperdey
1692 2281 1818 2323 recte

447 2347 566 2400 dicit,
600 2348 683 2390 sed
718 2346 892 2399 „incisa
927 2348 1047 2391 notis
1081 2362 1311 2392 marmora
1345 2349 1577 2405 publicis.“

446 2423 539 2467 Sed
584 2423 851 2479 priusquam
894 2423 956 2466 ad.
991 2425 1151 2467 horum
1191 2425 1471 2467 sententiam
1511 2425 1700 2481 propius
1743 2437 1816 2468 ac-

302 2494 524 2546 cedimus,
573 2494 823 2546 videamuS,
873 2494 977 2550 quid
1022 2495 1142 2550 apud
1188 2494 1403 2550 antiquos
1454 2495 1709 2551 scriptores
1762 2495 1817 2538 de

302 2565 421 2609 actis
454 2564 648 2621 publicis
681 2564 981 2620 reperiamus.

302 2641 429 2684 Suet.
464 2640 557 2683 Tib.
591 2640 631 2682 5.
682 2639 727 2682 ln
771 2640 923 2682 fastos
962 2642 1158 2695 actaque
1199 2639 1240 2682 in
1282 2639 1460 2696 publica
1499 2640 1690 2684 relatum
1731 2644 1817 2684 est.

517 2709 601 2764 (De
637 2713 770 2766 partu
804 2709 989 2764 Tiberii;
1023 2711 1080 2753 cf.
1117 2708 1257 2767 Calig.
1291 2709 1349 2763 8.)

305 2783 489 2834 Plinius,
522 2796 625 2839 epp.
661 2783 697 2827 V
731 2783 811 2826 138
846 2782 975 2836 (liber
1008 2781 1241 2839 principis)
1284 2786 1355 2826 est
1388 2782 1429 2826 in
1464 2782 1654 2839 publicis
1687 2781 1818 2826 actis.

562 2887 585 2905 „
640 2852 713 2897 Vll
748 2853 839 2896 333
889 2866 993 2896 cum
1041 2853 1100 2896 sit
1148 2852 1191 2896 in
1242 2853 1433 2909 publicis
1487 2853 1605 2897 actis
1654 2855 1818 2909 (causa

516 2923 783 2980 provinciae
819 2923 1067 2976 Baeticae).
