2090 3320
1031 203 1097 265 762

307 340 498 397 pretium
533 353 622 384 non
656 341 833 384 videtur
864 339 967 383 sola
999 338 1183 382 nomina
1213 337 1414 382 scribere
1437 335 1817 393 conjecturasque

306 411 466 467 eloqui.
532 410 597 455 De
631 409 804 456 Claudii
839 412 983 454 morte
1015 410 1307 463 hactenus.¹)

448 482 540 524 Eas
587 494 767 537 quoque
824 493 940 536 quae
996 483 1265 535 sequuntur,
1320 492 1409 531 res,
1463 479 1582 522 unde
1630 477 1816 521 Tacitus

305 550 567 607 sumpserit,
616 550 749 595 facile
800 549 1066 607 reperimus,
1122 549 1160 593 si
1215 548 1357 593 Taciti
1406 547 1563 592 Dionis
1611 546 1815 592 Suetonii

306 620 594 679 narrationes
625 634 966 677 comparamus.

472 707 658 751 Tacitus
691 707 765 751 Xll
785 708 855 751 69.

306 788 509 833 lllatusque
536 789 665 824 castris
687 789 790 824 Nero
812 791 848 824 et
868 799 1025 834 congru-

304 846 403 883 entia
422 847 584 893 tempori
605 847 806 893 praetatus,
835 846 1024 893 promisso

303 906 484 941 donativo
518 906 565 941 ad
594 906 811 951 exemplum
847 908 1024 951 paternae

304 963 522 1009 largitionis,
538 963 744 1009 imperator
758 963 1024 999 consalutatur.

302 1022 533 1058 Sententiam
551 1022 708 1058 militum
733 1024 863 1058 secuta
877 1023 1023 1067 patrum

303 1080 485 1115 consulta.
536 1079 811 1125 Caelestesque
858 1080 1023 1115 honores

303 1138 465 1174 Claudio
504 1138 765 1182 decernuntur,
813 1140 849 1174 et
882 1138 1024 1173 funeris

303 1196 488 1232 sollemne
503 1196 658 1242 perinde
674 1208 717 1232 ac
733 1196 830 1232 Divo
847 1196 1023 1242 Augusto

303 1255 520 1291 celebratur.
570 1256 855 1291 Testamentum
894 1258 1022 1291 tamen

302 1314 403 1349 haud
442 1315 646 1357 recitatum,
692 1324 739 1349 ne
787 1315 1023 1359 antepositus

1312 704 1394 748 Dio
1432 704 1595 748 LX13:

1090 788 1168 831 'Ec
1190 788 1235 827 τὸ
1260 788 1536 839 στρατόπεδον
1567 787 1715 840 ἐσῆλθε
1746 788 1816 826 καὶ

1096 846 1311 898 ἀναγνοὺς,
1344 847 1421 887 ὅσα
1459 846 1482 886 ὃ
1513 845 1698 890 Σενέκας
1729 846 1814 898 ἐγε-

1096 906 1257 958 γράφει,
1293 906 1488 958 ὑπέσχετο
1511 906 1660 951 αὐτοῖς,
1692 905 1769 945 ὅσα
1791 905 1815 944 ὁ

1095 963 1305 1008 Κλαύδιος
1357 963 1562 1004 ἐδεδώκει.
1628 962 1814 1003 Τοσαῦτα

1098 1022 1143 1062 δὲ
1174 1023 1244 1063 καὶ
1276 1022 1382 1074 πρὸς
1413 1022 1485 1075 τὴν
1514 1021 1671 1075 βουλὴν
1694 1055 1701 1061 .
1725 1055 1732 1062 .
1756 1055 1763 1062 .
1787 1055 1794 1062 .

1097 1078 1169 1121 Ι..Χ
1188 1079 1300 1131 35,2;
1348 1080 1500 1133 Ἔτυχε
1543 1080 1587 1120 δὲ
1633 1080 1702 1120 καὶ
1745 1085 1815 1134 τῆς

1095 1144 1228 1192 ταφῆς
1259 1140 1328 1179 καὶ
1358 1143 1442 1179 τῶν
1473 1139 1620 1183 ἄλλων,
1654 1136 1769 1182 ὅσων
1790 1140 1814 1179 ὁ

1082 1198 1147 1238 sll
1142 1214 1338 1251 y01070⁵
1377 1214 1418 1243 ἐς
1454 1213 1495 1238 78
1532 1214 1602 1238 ’[ΟἬ
1633 1197 1814 1250 Οὖρανθν

1094 1257 1315 1310 ἀνηγαγον.

1094 1314 1245 1357 Zonar
1263 1314 1319 1357 ΧΙ
1339 1315 1403 1357 12;
1431 1315 1524 1355 Τῶν
1539 1331 1579 1355 τε
1594 1316 1814 1368 διαθηκῶν

303 1372 380 1408 filio
417 1372 608 1418 privignus
642 1372 774 1408 iniuria
813 1374 849 1408 θ’(
887 1372 1024 1408 invidia
1094 1378 1167 1414 ms
1161 1374 1392 1415 Κλαυδίοι
1416 1374 1725 1427 ἀᾳανισθεισῶν
1745 1374 1813 1414 καὶ

302 1431 450 1466 animos
477 1430 578 1476 vulgi
604 1431 780 1466 turbaret·
1095 1437 1167 1472 τοῦ
1209 1433 1488 1485 Βρεταννικοῖ»
1519 1449 1813 1485 παρηγκωνισ-

1094 1492 1237 1544 μένου,
1300 1493 1345 1537 ὃς
1408 1492 1572 1545 γνήσιος
1633 1491 1683 1545 ἦν
1739 1496 1812 1532 τοῦ

1090 1551 1319 1595 τεθνεῶτος
1350 1552 1448 1596 υἱός.

301 1628 491 1672 Sueton.
526 1628 616 1672 vita
640 1628 837 1672 Neronis
870 1629 915 1672 8:
950 1629 1273 1686 Septendecim
1308 1643 1456 1674 annos
1492 1633 1641 1683 natus,
1676 1634 1724 1674 ut
1756 1631 1812 1675 de

301 1698 490 1743 Claudio
525 1700 674 1755 palam
708 1700 878 1742 factum
913 1704 985 1743 est
1009 1700 1125 1744 inter
1157 1701 1314 1745 horam
1338 1705 1518 1745 sextam
1550 1700 1811 1757 septimam-

299 1771 450 1825 que11)
512 1769 740 1826 processit
800 1770 856 1812 ad
912 1771 1205 1815 excubitores
1251 1806 1303 1815 ..
1374 1806 1382 1815 .
1438 1785 1609 1828 proque
1668 1760 1813 1815 Palati

298 1839 514 1896 gradibus
572 1840 820 1896 imperator
876 1842 1194 1886 consalutatus
1248 1841 1410 1886 lectica
1458 1842 1500 1885 in
1559 1846 1714 1886 castra
1767 1845 1812 1886 et

299 1909 401 1952 inde
457 1909 620 1966 raptim
671 1909 879 1966 apellatis
930 1911 1142 1953 militibus
1191 1911 1232 1953 in
1286 1911 1458 1954 curiam
1510 1911 1688 1954 delatus
1740 1915 1812 1954 est

298 1993 398 2037 cap.
444 1981 490 2023 9:
541 1979 778 2024 Claudium
824 1981 1149 2037 aparatissimo
1194 1971 1353 2026 funere
1401 1983 1567 2026 elatum
1613 1981 1811 2025 laudavit

298 2056 343 2095 et
388 2051 677 2095 consecravit
869 2052 957 2095 vita
1005 2051 1159 2096 Claud.
1208 2053 1283 2096 45:
1338 2053 1577 2097 funeratus
1621 2056 1693 2096 est
1736 2065 1810 2096 so-

297 2122 446 2165 llemni
481 2121 733 2177 principum
770 2135 936 2178 pompa
979 2126 1023 2165 et
1059 2122 1100 2165 in
1132 2135 1368 2166 numerum
1401 2123 1590 2166 deorum
1624 2124 1809 2166 relatus.

298 2191 426 2236 l-laec
480 2192 631 2244 verba,
692 2191 730 2236 si
787 2205 1123 2249 comparamus,
1182 2191 1316 2237 facile
1374 2193 1700 2250 cognoscimus
1753 2206 1809 2238 ex

298 2275 387 2304 uno
434 2263 546 2305 libro
589 2267 774 2318 sumpta
818 2275 926 2305 esse
970 2267 1106 2318 atque
1145 2264 1314 2319 optimo
1357 2264 1452 2307 iure
1490 2263 1640 2307 dicere
1678 2263 1809 2307 nobis

296 2331 500 2395 videmur
533 2331 722 2377 Plinium
756 2332 901 2377 fuisse
934 2337 1185 2379 auctorem.

441 2533 469 2577 ¹)
497 2532 743 2577 Cognoscere
770 2543 989 2578 possumus,
1024 2543 1122 2577 quae
1148 2532 1296 2577 publice
1332 2533 1379 2567 de
1407 2534 1527 2568 morte
1555 2533 1705 2568 Claudii
1732 2534 1808 2589 vul:

294 2594 381 2638 gata
409 2593 506 2627 sunt.
557 2591 655 2626 Nam
683 2590 719 2626 in
753 2590 882 2637 primis
909 2590 1052 2627 Seneca
1078 2590 1115 2626 id
1143 2590 1299 2636 scripsit,
1334 2590 1437 2637 quod
1465 2590 1674 2637 Agrippina
1708 2592 1808 2627 credl

294 2650 449 2695 cupivit;
488 2649 532 2685 cf.
561 2649 832 2696 Apocolocynt.
859 2651 892 2685 4.
920 2651 1030 2685 extr.:
1070 2649 1272 2695 exspiravit
1305 2652 1443 2694 autem,
1476 2649 1566 2685 dum
1599 2650 1809 2686 comoedos

294 2708 398 2745 audit
436 2708 552 2752 (Suet.
591 2708 727 2744 Claud.
760 2709 818 2744 45.
851 2708 990 2744 inducti
1024 2718 1091 2754 per
1128 2707 1408 2744 simulationem
1449 2708 1657 2752 comoedi);
1708 2707 1809 2754 Apo·
1838 2723 1841 2726 *

293 2767 476 2814 colocynt.
502 2769 541 2803 2:
577 2770 748 2804 mortuus
783 2770 840 2803 est
872 2767 967 2803 inter
997 2768 1059 2803 Vl.
1087 2769 1123 2803 et
1149 2766 1228 2803 Vll.
1256 2767 1399 2803 horam.
1433 2787 1476 2792 -—
1514 2767 1655 2806 Revera
1681 2767 1808 2803 medio

292 2826 448 2861 demum
484 2826 545 2862 die
582 2837 684 2861 mors
718 2826 954 2872 vulgabatur,
995 2836 1228 2871 quamquam
1269 2826 1454 2862 Claudius
1487 2826 1553 2861 Xll
1588 2826 1690 2862 horis
1722 2827 1808 2862 ante

294 2886 467 2921 mortuus
495 2886 583 2920 erat.
