2090 3320
1038 214 1094 256 44

300 347 510 406 Augusto
544 363 597 394 se
631 350 872 407 adaequat.
925 350 1102 395 Omittit
1131 352 1293 396 Tiberii
1327 349 1607 403 memoriam,
1647 350 1813 408 quippe

300 420 372 475 qui
405 420 561 465 fratris
593 421 684 465 filio
718 435 949 478 nunquam
982 422 1189 466 favisset.
1234 422 1488 485 Principem
1523 422 1565 466 in
1599 420 1811 466 orationi-

300 490 385 533 bus
418 491 517 534 suis
551 493 762 536 consulto
808 492 972 549 aliquid
1018 493 1275 546 reticuisse,
1319 493 1505 537 Tacitus
1544 492 1680 536 etiam
1725 492 1811 535 alio

300 561 400 603 loco
434 560 527 611 (Xll
547 563 620 615 22)
653 562 810 606 tradit:
845 562 960 607 Nam
995 564 1051 607 de
1085 563 1133 608 C.
1160 563 1377 608 Caesaris
1408 562 1576 619 nuptiis
1600 563 1811 606 consulto

300 630 535 674 reticebat.
569 658 623 661 —
659 631 868 689 Scriptor
900 633 938 677 si
973 633 1014 677 id
1049 634 1263 686 affirmat,
1309 632 1407 689 ipse
1441 632 1727 676 demonstrat
1759 645 1811 675 se

299 700 553 745 orati0nem
588 701 705 746 illam
739 703 926 757 vidisse,
974 704 1016 748 in
1066 717 1153 761 qua
1199 704 1240 746 id
1286 704 1555 756 „consulto“
1590 703 1810 746 omissum

297 773 622 817 observaverit.
687 774 890 819 Alterum
937 779 1256 833 argumentum
1303 788 1360 819 ea
1405 787 1454 818 re
1499 773 1809 832 cognoscitur,

298 844 417 897 quod
467 844 677 900 scriptor,
724 846 951 900 quomodo
997 846 1113 888 haec
1157 845 1323 902 legatio
1371 849 1565 901 accepta
1614 849 1658 888 et
1706 843 1809 900 quid

297 925 399 955 cum
435 926 491 956 ea
524 918 676 957 actum
710 914 782 966 sit,
817 914 946 958 aliter
979 919 1148 966 narrat,
1196 927 1251 958 ac
1284 915 1322 958 si
1357 916 1412 958 de
1446 914 1545 958 aliis
1578 913 1810 971 legationi-

298 982 383 1024 bus
418 983 536 1026 dicit.
602 984 704 1040 lpso
739 985 780 1027 in
815 985 904 1028 Xll.
939 984 1050 1028 libro
1090 984 1278 1040 saepius
1323 984 1510 1028 occasio
1556 983 1688 1027 nobis
1727 983 1811 1027 erit

297 1051 336 1094 id
372 1053 715 1097 demonstrandi
750 1058 793 1098 et
827 1054 1138 1111 comparandi,
1183 1066 1286 1097 cum
1331 1054 1530 1098 refertur>
1574 1052 1808 1097 Claudium

296 1124 474 1178 publice
508 1124 677 1168 aditum
712 1126 782 1168 sui
817 1125 1103 1181 praebuisse.
1168 1126 1300 1173 Quae
1346 1124 1401 1168 ibi
1449 1128 1702 1175 narrantur,
1750 1123 1810 1167 ita

296 1197 553 1246 narrantur,
600 1198 647 1237 ut
692 1195 927 1238 arbitreris
972 1208 1028 1238 ex
1073 1195 1190 1238 actis
1236 1194 1426 1251 publicis
1469 1198 1654 1250 sumpta
1687 1207 1808 1237 esse.

296 1263 444 1319 Atque
493 1278 651 1308 revera
695 1265 793 1321 ipse
833 1265 1019 1309 Tacitus
1064 1264 1151 1308 alio
1190 1266 1291 1308 loco
1308 1268 1353 1318 ¹),
1399 1264 1471 1307 ubi
1517 1264 1660 1308 simile
1706 1264 1809 1320 quid

295 1337 588 1387 memoratur,
622 1334 677 1377 de
712 1334 853 1378 Plinio
889 1335 1071 1392 cogitat,
1121 1334 1221 1387 „cui
1255 1335 1407 1377 lubeat
1439 1334 1679 1376 laudandis
1711 1335 1807 1376 fun-

295 1405 522 1448 damentis
556 1410 600 1449 et
633 1406 839 1450 trabibus
872 1406 1099 1450 volumina
1133 1406 1331 1461 implere,
1366 1418 1467 1447 cum
1502 1418 1558 1448 ex
1592 1404 1808 1461 dignitate

296 1475 446 1531 populi
480 1475 668 1519 Romani
703 1479 933 1533 repertum
967 1476 1038 1528 sit,
1074 1488 1149 1519 res
1185 1475 1383 1519 illustres
1416 1474 1669 1528 annalibus,
1702 1475 1807 1518 talia

295 1545 469 1588 diurnis
502 1546 628 1589 urbis
661 1547 778 1590 actis
813 1548 1074 1590 mandare“.
1138 1547 1203 1589 ΕΧ
1238 1546 1378 1590 Plinio
1412 1547 1555 1603 igitur,
1600 1559 1717 1602 quae
1751 1547 1806 1589 de

296 1616 524 1672 legatione
559 1616 831 1660 Parthorum
865 1616 1013 1668 tradit,
1049 1630 1137 1660 non
1172 1617 1379 1672 sumpsit.
1444 1616 1592 1672 Atque
1636 1629 1692 1659 ex
1725 1616 1806 1667 eis,

295 1698 412 1741 quas
446 1698 587 1741 supra
621 1686 676 1728 de
712 1686 884 1730 Claudii
918 1686 1123 1730 oratione
1157 1686 1455 1742 exposuimus
1489 1687 1626 1729 rebus
1659 1685 1806 1742 sequi⁶

295 1760 377 1807 tur,
413 1759 459 1798 ut
492 1759 597 1799 acta
631 1761 824 1799 senatus
858 1756 1105 1812 supersint,
1140 1770 1164 1800 e
1198 1756 1361 1812 quibus
1397 1756 1614 1812 petiverit.

437 1825 662 1869 Proximis
709 1826 936 1883 capitibus
982 1839 1057 1869 res
1097 1828 1367 1878 referuntur,
1418 1839 1536 1882 quae
1584 1826 1626 1868 in
1672 1826 1807 1870 Suria

292 1901 454 1953 gestae
487 1902 608 1950 sunt,
653 1901 895 1954 postquam
932 1897 980 1941 C.
1016 1897 1181 1941 Cassio
1216 1898 1370 1940 datum
1404 1900 1489 1949 est,
1533 1896 1605 1953 qui
1641 1896 1804 1941 Suriae

293 1972 520 2023 praeerat,
571 1968 798 2012 deducere
844 1980 1009 2011 novum
1056 1967 1302 2023 principem
1344 1967 1616 2011 Parthorum
1662 1967 1804 2023 ripam

292 2038 348 2080 ad
388 2037 648 2093 Euphratis
703 2042 820 2094 (cap.
874 2037 946 2080 ΧΙ.
1000 2038 1145 2092 extr.)·
1212 2037 1292 2081 Cui
1353 2037 1414 2080 rei
1467 2037 1657 2080 similem
1718 2037 1804 2081 iam

293 2108 586 2151 Weidemann
620 2109 832 2152 tractavit
865 2114 1035 2165 (progr.
1060 2109 1165 2151 1869
1191 2121 1292 2165 pag.
1317 2109 1404 2160 20),
1439 2108 1511 2150 ubi
1535 2107 1804 2151 seditionem

291 2178 562 2222 Tacfarinae
596 2183 928 2222 commemorat
966 2179 1036 2221 his
1082 2181 1179 2222 fere
1213 2178 1384 2222 verbis:
1435 2177 1647 2222 Ceterum
1690 2179 1806 2221 haec

292 2247 536 2303 praecipue
570 2252 641 2290 est
673 2248 963 2291 observanda
997 2261 1087 2300 res,
1133 2248 1253 2304 quod
1288 2247 1487 2290 narratio
1521 2247 1593 2289 hic
1626 2260 1805 2303 quoque

292 2317 585 2374 descriptioni
631 2323 842 2362 senatum
882 2318 1154 2375 adiungitur,
1206 2318 1246 2361 in
1287 2318 1451 2373 quibus
1490 2317 1654 2373 aliquid
1699 2330 1803 2361 con-

291 2388 374 2432 silii
410 2389 465 2433 de
499 2390 613 2432 bello
647 2402 750 2433 cum
798 2389 881 2432 illis
928 2388 1185 2433 hominibus
1232 2388 1560 2432 rebellantibus
1603 2389 1804 2445 gerendo

291 2459 499 2502 inibatur.
564 2459 940 2501 Weidemannum
1001 2459 1039 2500 si
1102 2458 1348 2514 sequimur,
1409 2471 1526 2513 quae
1580 2459 1803 2514 capitibus

290 2529 591 2573 Xll.--XVlll.
628 2533 885 2580 narrantur,
932 2542 957 2572 e
1003 2528 1299 2572 relationibus
1345 2529 1485 2584 petita
1524 2532 1644 2582 sunt,
1688 2542 1803 2585 quas

290 2601 554 2656 praefectus
588 2598 751 2642 Suriae
784 2599 840 2642 ad
875 2602 1087 2642 senatum
1121 2598 1254 2650 misit,
1301 2611 1417 2654 quae
1457 2598 1499 2641 in
1533 2602 1637 2642 acta
1670 2611 1802 2642 sena-

289 2676 363 2713 tus
398 2671 572 2714 relatae
605 2673 725 2712 sunt.
780 2670 882 2725 lpsa
916 2683 971 2712 ex
1005 2670 1146 2713 Taciti
1181 2670 1441 2713 narratione
1474 2670 1561 2713 hoc
1595 2669 1802 2713 concludi

289 2754 377 2784 non
413 2744 579 2796 potest.
644 2739 737 2784 Sed
781 2740 940 2783 iterum
988 2741 1105 2784 infra
1151 2739 1402 2784 videbimus
1451 2753 1553 2783 eum
1600 2740 1660 2783 ita
1709 2752 1802 2783 rem

434 2893 460 2937 ¹)
489 2893 561 2928 hoc
588 2893 636 2928 de
664 2893 748 2928 loco
778 2892 955 2938 (Xlll31)
984 2904 1069 2939 pag.
1096 2892 1119 2927 6
1148 2892 1274 2929 multis
1300 2893 1476 2929 diximus.
