2090 3320
1008 213 1058 253 61

284 341 420 406 quam
467 362 571 393 cum
618 350 707 392 hac
753 346 998 392 coniunxit.
1062 349 1304 397 Quomodo
1353 362 1430 393 res
1476 363 1528 393 se
1566 349 1789 401 habuerit,

285 434 310 464 e
342 421 563 466 Suetonio
597 418 923 476 cognoscimus
956 418 1065 476 (vita
1099 418 1257 464 Claud.
1290 419 1394 476 44),
1437 419 1510 476 qui
1548 419 1702 467 varios,
1733 418 1789 462 de

284 490 572 548 imperatoris
606 489 727 534 exitu
768 503 974 534 rumores
1013 489 1206 534 fideliter
1237 489 1445 534 servarit,
1509 489 1641 539 Quae
1674 489 1787 534 Sue-

283 561 436 606 tonius
479 561 692 614 secernit,
744 574 799 605 ea
846 561 1033 620 Tacitus
1081 561 1123 605 in
1172 575 1309 605 unum
1360 561 1606 606 contexuit.
1670 560 1787 609 Quid

285 631 455 676 Plinius
495 632 551 676 de
588 632 677 676 hoc
715 631 934 676 veneficio
972 631 1222 689 scripserit,
1276 635 1402 677 certo
1444 632 1633 685 scimus,
1684 644 1787 675 cum

284 702 383 747 eius
416 702 458 745 in
492 702 696 746 Naturali
730 702 918 747 historia
940 703 1128 759 saepius
1161 703 1435 747 mentionem
1465 703 1637 755 fecerit,
1671 715 1787 759 quos

283 776 378 816 tres
411 773 540 816 locos
572 772 644 817 hic
672 773 1008 830 componimus:

359 841 390 886 ll
423 843 493 887 92.
527 843 822 897 Veneficium,
856 856 944 900 quo
969 843 1185 889 Claudius
1210 843 1388 888 Caesar
1420 843 1655 901 imperium
1689 843 1786 887 reliae

525 913 618 969 quit
650 914 843 958 Domitio
876 914 1059 959 Neroni.

333 982 389 1025 Xl
423 983 499 1026 189
533 982 762 1037 Claudius,
807 997 895 1041 quo
938 997 1097 1028 mense
1142 984 1442 1042 interemptus
1474 988 1555 1029 est
1595 997 1784 1028 veneno.

283 1052 415 1096 XXll.
438 1055 496 1097 92
529 1054 727 1107 Boletos,
772 1053 907 1111 opimi
949 1055 1127 1110 quidem
1167 1057 1253 1098 hos
1292 1055 1390 1107 cibi,
1438 1055 1521 1098 sed
1562 1055 1784 1098 immenso

525 1125 732 1181 exemplo
780 1125 822 1168 in
873 1124 1041 1168 crimen
1091 1125 1329 1177 adductos,
1383 1138 1558 1169 veneno
1607 1124 1785 1169 Tiberio

526 1193 714 1238 Claudio
748 1193 935 1251 principi
969 1207 1048 1250 per
1070 1194 1189 1238 hanc
1222 1195 1515 1238 occasionem
1542 1208 1569 1237 a
1592 1194 1785 1251 coniuge

524 1263 771 1320 Agrippina
813 1264 933 1316 dato,
982 1278 1070 1320 quo
1114 1265 1237 1308 facto
1277 1265 1349 1308 illa
1387 1265 1523 1308 terris
1561 1278 1784 1309 venenum

523 1334 713 1377 alterum
737 1333 914 1391 sibique
937 1337 1043 1378 ante
1067 1334 1215 1378 omnis
1238 1334 1465 1378 Neronem
1493 1347 1626 1378 suum
1650 1334 1785 1390 dedit.

282 1403 598 1448 Narrationem
633 1404 757 1448 Plinii
790 1405 1004 1461 paulatim
1029 1418 1190 1449 omnes
1215 1407 1311 1449 fere
1342 1405 1488 1449 secuti
1512 1409 1631 1457 sunt,
1665 1405 1786 1448 velut

282 1473 519 1527 luvenalis,
552 1479 600 1518 ut
632 1476 888 1532 exemplum
923 1476 1186 1527 afferamus,
1221 1475 1410 1519 Plinium
1427 1479 1456 1529 1)
1489 1479 1680 1519 secutus
1713 1478 1786 1518 est

282 1543 353 1587 his
384 1544 593 1587 versibus
628 1545 771 1601 (satir.
804 1545 986 1601 V1621):

1329 1615 1603 1673 Agrippinae

401 1682 606 1728 Boletus:
640 1685 861 1742 siquidem
895 1686 1028 1730 unius
1062 1686 1331 1743 praecordia
1363 1686 1533 1743 pressit

401 1755 472 1799 llle
505 1755 641 1800 senis
664 1758 995 1812 tremulumque
1027 1761 1166 1813 caput
1199 1757 1482 1802 descendere
1516 1757 1647 1801 iussit

401 1825 444 1868 ln
478 1826 655 1870 coelum
692 1829 737 1870 et
769 1826 904 1885 longa
937 1826 1167 1871 manantia
1200 1828 1328 1872 labra
1361 1827 1564 1882 saliva.2)

282 1896 362 1940 Vel
399 1896 485 1940 alio
518 1897 620 1940 loco
654 1897 709 1952 (V
725 1897 838 1953 147):

424 1967 610 2010 Boletus
643 1966 843 2020 domino;
877 1968 960 2011 sed
997 1969 1155 2023 quales
1189 1967 1405 2011 Claudius
1438 1968 1529 2012 edit

422 2036 540 2080 Ante
573 2036 692 2080 illum
726 2037 897 2090 uxoris,
932 2042 1037 2094 post
1069 2051 1202 2095 quem
1237 2038 1303 2081 nil'
1322 2038 1515 2094 amplius
1538 2037 1641 2082 edit.

424 2105 504 2150 Dio
537 2109 711 2149 tantum
744 2107 923 2151 boletos
956 2120 1148 2152 causam
1182 2108 1342 2152 mortis
1376 2107 1548 2152 Claudii
1583 2107 1688 2151 dicit
1720 2111 1784 2151 atr

280 2190 367 2234 que
415 2177 549 2221 etiam
603 2179 808 2221 extremo
855 2177 941 2221 LX.
990 2177 1102 2223 libro
1150 2179 1338 2222 verbum
1388 2177 1584 2222 Neronis
1631 2178 1783 2222 affert:

281 2248 467 2292 Boletos
513 2248 702 2292 deorum
747 2248 877 2293 cibos
921 2262 1042 2301 esse,
1092 2250 1211 2306 quod
1258 2250 1393 2293 etiam
1440 2249 1657 2294 Claudius
1705 2249 1785 2306 per

279 2317 478 2361 boletum
511 2317 625 2361 deus
664 2318 816 2362 factus
855 2322 995 2363 esset.
1060 2319 1105 2363 ld
1144 2319 1276 2377 igitur
1315 2322 1490 2364 certum
1524 2323 1613 2363 est:
1655 2319 1784 2364 Plini·

281 2400 354 2431 um
387 2387 429 2430 in
464 2388 720 2431 enarranda
744 2388 916 2432 Claudii
941 2402 1054 2433 nece
1084 2389 1200 2433 inter
1221 2390 1362 2433 Taciti
1386 2394 1602 2434 auctores
1623 2390 1783 2434 fuisse.

279 2458 525 2503 Praeterea
563 2458 678 2502 alios
722 2462 913 2503 secutus
952 2464 1038 2512 est,
1084 2459 1125 2503 id
1171 2459 1290 2517 quod
1328 2459 1462 2504 facile
1500 2459 1783 2518 intellegitur,

278 2529 317 2573 si
351 2529 433 2572 Dio
465 2529 652 2573 Tacitus
674 2529 924 2574 Suetonius
957 2531 1073 2575 inter
1095 2544 1147 2574 se
1170 2535 1506 2587 comparantur.
1552 2531 1645 2576 Sed
1680 2545 1783 2575 cum

279 2599 335 2644 de
367 2599 439 2644 his
470 2599 736 2644 auctoribus
769 2600 872 2644 nihil
901 2600 1020 2646 scire
1053 2605 1098 2646 et
1127 2601 1279 2646 dicere
1322 2602 1569 2658 possimus,
1615 2615 1783 2659 operae

423 2718 451 2764 ¹)
478 2717 623 2754 Gercke
662 2718 701 2764 (1.
734 2730 763 2755 s.
797 2730 883 2766 pag.
921 2720 1003 2765 191)
1044 2719 1254 2766 suspicatur
1292 2719 1505 2755 Iuvenalem
1545 2719 1697 2766 saepius
1736 2731 1783 2756 ex

279 2776 387 2812 Plinii
414 2777 515 2812 libris
541 2778 736 2813 materiam
763 2778 987 2823 sumpsisse.
1054 2776 1057 2779 ”

421 2836 450 2881 2)
480 2834 551 2871 His
588 2835 711 2872 verbis
748 2836 1001 2873 admonemur
1036 2836 1085 2873 de
1123 2836 1289 2873 Senecae
1327 2836 1647 2884 Apocolocyntosi
1687 2839 1708 2874 5
1746 2840 1783 2874 et

276 2893 445 2930 Suetonii
471 2894 722 2941 descriptione
751 2896 841 2941 (vita
866 2895 1014 2932 Claudii
1040 2896 1115 2941 30).
