2090 3320
1051 211 1133 273 ¹47
1163 271 1204 274 ff<

312 348 517 388 actorum
558 346 783 403 scriptura
827 348 1035 404 reperio),
1082 361 1199 404 quae
1238 346 1322 391 etsi
1362 359 1450 389 non
1492 345 1641 403 magni
1687 344 1820 389 aesti-

312 418 466 460 mabat
512 417 720 473 (xlll31),
775 421 927 461 tamen
977 418 1165 474 saepius
1213 417 1320 461 adiit
1372 430 1507 473 quam
1556 415 1662 459 dicit
1708 415 1820 473 ipse.

312 487 514 544 Exempli
549 500 693 531 causa
727 487 843 531 duos
876 489 1006 532 locos
1029 488 1061 545 1)
1096 489 1254 541 affero,
1292 487 1454 545 quibus
1486 488 1575 531 hoc
1608 485 1821 545 perspici-

311 563 400 601 tur:
452 559 542 601 1141
601 559 704 601 Fine
752 559 856 601 anni
906 572 1043 602 arcus
1087 564 1271 615 propter
1324 559 1483 601 aedem
1531 557 1714 601 Saturni
1763 558 1820 600 ob

312 631 497 685 recepta
529 627 661 686 signa
695 642 798 673 cum
832 629 952 674 Varo
990 629 1163 674 amissa
1197 630 1334 673 ductu
1369 627 1638 680 Germanici,
1672 626 1821 684 auspi-

313 698 394 742 ciis
435 698 610 751 Tiberii,
658 703 702 742 et
750 700 890 742 aedes
925 700 1066 743 Fortis
1110 700 1331 742 Fortunae
1374 698 1567 741 Tiberim
1610 697 1734 740 iuxta
1778 697 1820 740 in

311 768 467 820 hortiS,
515 782 631 824 quos
672 768 846 813 Caesar
887 769 1081 813 dictator
1122 770 1288 825 populo
1331 768 1534 812 Romano
1577 768 1820 824 legaverat,

311 838 563 882 sacrarium
612 839 732 897 genti
780 839 914 897 juliae
962 839 1228 896 effigiesque
1277 838 1388 881 Divo
1437 837 1646 894 Augusto
1676 837 1820 893 ‚apud

314 909 511 952 Bovillas
530 909 749 952 dicantur.
774 935 828 939 —
856 908 964 952 Tota
984 908 1097 952 ratio
1116 908 1291 952 dicendi
1316 921 1404 952 non
1427 907 1612 951 Tacitea
1634 907 1821 960 videtur,

313 979 578 1035 praesertim
624 978 661 1023 si
707 980 825 1023 hanc
873 978 1136 1023 relationem
1184 993 1286 1023 cum
1340 978 1575 1036 superiore
1624 978 1821 1023 confers.

310 1049 618 1093 Sollemnibus
658 1050 827 1094 verbis:
877 1050 1095 1106 auspiciis
1135 1050 1310 1101 Tiberii,
1361 1049 1473 1093 Divo
1518 1049 1727 1106 Augusto
1766 1074 1821 1079 ——

310 1120 591 1176 publicorum
638 1124 844 1164 actorum
892 1122 1007 1164 haec
1053 1121 1191 1164 verba
1236 1134 1343 1164 esse
1388 1124 1436 1163 ut
1478 1119 1821 1171 concludamus,

309 1203 664 1234 commovemur.
731 1191 850 1234 ldem
885 1191 941 1233 ad
966 1192 1035 1234 49.
1062 1195 1199 1247 caput
1228 1190 1432 1247 pertinet,
1467 1190 1540 1233 ubi
1564 1190 1822 1246 complures

309 1262 579 1317 templorum
599 1261 912 1304 dedicationes
931 1265 1267 1313 enumerantur,
1301 1274 1417 1317 quas
1438 1260 1619 1304 Tacitus
1644 1259 1822 1316 potissi-

309 1343 430 1373 mum
477 1330 519 1373 in
566 1330 682 1374 actis
724 1330 873 1387 populi
921 1331 1121 1375 invenire
1156 1331 1315 1388 potuit.
1379 1330 1471 1375 Sed
1517 1343 1619 1373 raro
1665 1329 1707 1373 in
1752 1329 1822 1373 his

309 1400 431 1443 libris
466 1400 508 1458 (i.
550 1414 587 1444 e.
629 1400 670 1443 in
712 1401 782 1444 Xl.
830 1405 874 1444 et
918 1401 1008 1445 Xll.
1052 1401 1181 1457 libro)
1222 1400 1354 1444 nobis
1407 1399 1593 1444 occasio
1647 1399 1824 1443 dabitur

309 1470 651 1514 demonstrandi
681 1471 881 1514 Tacitum
912 1475 1016 1515 acta
1040 1471 1198 1514 diurna
1222 1470 1389 1523 adisse,
1425 1482 1699 1526 quamquam
1733 1482 1821 1513 non

309 1541 582 1592 dubitamus,
618 1541 721 1597 quin
757 1541 795 1584 ei
830 1541 1018 1598 saepius
1053 1541 1226 1585 utilitati
1260 1540 1437 1584 fuerint.
1501 1539 1593 1584 Sed
1627 1540 1683 1583 ad

867 1646 1001 1689 Acta
1039 1646 1266 1690 Senatus

310 1728 395 1758 nos
428 1720 674 1767 vertamus,
709 1729 826 1772 quae
858 1717 1000 1759 semel
1020 1716 1052 1772 2)
1091 1715 1271 1760 Tacitus
1311 1730 1363 1759 se
1403 1716 1663 1773 inspexisse
1696 1714 1821 1759 dicit:

310 1785 389 1828 XV
404 1787 461 1829 74
494 1786 684 1842 Reperio
718 1786 759 1828 in
794 1786 1133 1829 commentariis
1163 1790 1367 1830 senatus.
1413 1787 1505 1831 Sed
1528 1788 1649 1830 hunc
1672 1787 1821 1829 locum

309 1869 335 1898 a
368 1855 520 1898 Tacito
554 1859 716 1911 postea
758 1855 958 1898 additum
993 1869 1113 1907 esse,
1163 1860 1270 1899 sunt
1314 1856 1386 1912 qui
1432 1856 1722 1907 contendant,
1768 1868 1823 1898 ea

310 1929 461 1969 mente
495 1939 550 1968 ne
593 1926 682 1968 ullo
721 1926 822 1968 loco
863 1925 1163 1969 demonstrari
1205 1925 1352 1981 possit
1390 1940 1492 1969 eum
1527 1925 1651 1971 actis
1690 1939 1822 1968 usum

309 2008 429 2038 esse.
494 1994 591 2037 Nos
640 1998 798 2037 contra
841 1994 976 2037 etiam
1021 1995 1076 2037 de
1120 1996 1261 2038 altero
1305 1997 1406 2038 loco
1452 1995 1493 2038 id
1540 1994 1823 2038 affirmamus

310 2065 360 2122 (ll
380 2065 469 2121 88),
504 2064 577 2107 ubi
610 2064 817 2107 traditur:
852 2064 1026 2121 reperio
1061 2065 1179 2121 apud
1213 2065 1464 2122 scriptores
1490 2068 1821 2121 senatoresque
1866 2102 1868 2104 .

309 2135 557 2179 eorundem
592 2139 846 2191 temporum
897 2134 1230 2192 Adgandestrii.
1280 2135 1366 2193 Jac.
1420 2135 1589 2179 Grimm
1644 2134 1822 2191 quidem

306 2206 488 2249 nomine
508 2205 829 2262 Adgandestrii
849 2206 1179 2257 offendebatur,
1215 2206 1352 2262 (quod
1378 2205 1696 2249 Germanicum
1732 2219 1821 2249 non

307 2277 451 2333 esset)
486 2280 530 2319 et
566 2275 909 2332 Bezzenberger
941 2275 1232 2319 scribendum
1266 2274 1526 2332 proposuit:
1561 2275 1822 2320 senatoriis-

453 2416 480 2461 1)
510 2416 718 2452 secundum
746 2416 1080 2459 Weidemannum,
1115 2416 1178 2462 qui
1211 2415 1353 2461 primus
1388 2415 1565 2461 gravibus
1591 2416 1824 2462 argumentis

305 2476 475 2510 Tacitum
516 2475 684 2519 utrisque
722 2474 813 2509 actis
852 2485 963 2509 usum
1004 2484 1090 2509 esse
1128 2474 1399 2509 demonstravit
1445 2474 1533 2518 (Die
1560 2474 1722 2516 Quellen
1748 2485 1823 2510 von

305 2533 405 2569 Tac!
435 2531 569 2568 Annal.
599 2531 700 2568 Buch
736 2532 861 2568 l-Vl.
903 2531 1031 2578 Progr.
1066 2531 1204 2578 Gymn.
1233 2531 1410 2568 Cliviens.
1447 2532 1548 2568 1868.
1577 2532 1678 2569 1869.
1707 2533 1824 2577 1873.)

308 2593 440 2637 Nuper
464 2591 567 2628 Stein
613 2591 701 2635 (Die
730 2591 945 2627 Protokolle
977 2592 1046 2626 des
1079 2592 1171 2626 rom.
1209 2591 1342 2627 Senats
1377 2591 1454 2626 und
1488 2591 1566 2626 ihre
1600 2591 1826 2637 Bedeutung

307 2651 362 2685 als
388 2648 743 2695 Geschichtsquelle
775 2648 834 2684 fiir
865 2648 1027 2684 Tacitus.
1066 2649 1122 2684 43.
1152 2648 1428 2694 Jahresbericht
1461 2648 1528 2685 der
1563 2651 1686 2685 ersten
1720 2650 1825 2686 deut-

308 2708 423 2744 schen
468 2707 803 2743 Staatsrealschule
849 2728 891 2731 —
938 2707 1036 2752 Prag
1081 2708 1186 2751 1904)
1226 2707 1544 2743 Weidemannum
1590 2708 1821 2744 subsecutus

306 2769 516 2801 monstrare
552 2768 708 2801 conatur
733 2765 903 2800 Tacitum
942 2764 1104 2801 fortasse
1142 2776 1259 2801 unum
1299 2765 1423 2801 fontes
1464 2777 1526 2812 qu.
1559 2766 1594 2802 d.
1627 2766 1824 2812 primarios

306 2824 434 2859 adisse
462 2824 522 2866 (cf.
549 2823 678 2865 Wolff,
706 2823 1009 2857 Wochenschrift
1034 2823 1092 2857 fiir
1119 2823 1239 2859 Klass.
1269 2824 1400 2859 Philol.
1441 2825 1542 2860 1904.
1571 2824 1643 2859 No.
1673 2825 1745 2867 43).

452 2881 481 2925 2)
512 2881 569 2917 De
597 2881 681 2917 loco
708 2880 825 2917 dubio
854 2881 945 2917 1188
972 2880 1064 2917 infra
1091 2880 1271 2919 dicemus.
