2090 3320
975 217 1029 258 37

242 354 501 413 signavisse
535 354 673 411 (quod
707 366 887 396 omnem
920 353 1055 397 fidem
1089 352 1355 397 excessisse
1380 350 1479 407 ipse
1502 350 1753 395 Suetonius

242 426 396 480 addit).
458 424 644 468 Tacitus
680 426 725 466 et
758 423 840 466 Dio
880 424 965 467 etsi
1004 424 1163 467 melius
1202 423 1317 466 inter
1355 435 1407 466 se
1448 421 1753 473 consentiunt,

242 499 396 539 tamen
444 495 670 538 differunt.
734 493 866 549 Apud
912 494 1101 539 Dionem
1152 494 1243 550 (LX
1260 494 1327 545 31;
1371 493 1578 536 Zonaras
1611 491 1668 535 Xl
1689 491 1752 545 10)

242 565 447 608 interitus
510 564 786 608 Messalinae
857 565 1101 621 praecipue
1180 578 1204 608 e
1272 563 1422 608 studio
1491 563 1751 606 libertorum

243 634 469 690 exortus1)
504 634 678 686 dicitur,
725 635 844 690 quod
888 635 1071 678 Tacitus
1117 647 1206 677 non
1250 634 1382 689 plane
1421 631 1750 689 praetermittit.

244 704 400 748 Dionis
434 704 707 748 sententiam
741 705 860 761 apud
897 704 1149 749 iuvenalem
1184 703 1255 747 his
1279 703 1489 747 versibus
1514 701 1751 759 (X1V329)

243 775 514 831 reperimus:
539 810 541 812 ,
1274 773 1541 825 Narcissus,

456 845 641 889 Indulsit
675 846 851 890 Caesar
874 846 944 890 cui
969 845 1187 890 Claudius
1210 844 1374 895 omnia,
1409 843 1540 888 cuius

456 915 609 959 Paruit
648 916 846 973 imperiis
886 929 1073 960 uxorem
1118 915 1329 959 occidere
1368 914 1538 957 iussus.

244 987 465 1029 luvenalis
488 988 631 1030 altero
667 989 766 1030 loco
801 987 858 1044 (X
873 986 1124 1041 329—345)
1165 987 1220 1029 de
1264 984 1431 1041 nuptiis
1474 983 1753 1027 Messalinae

243 1060 286 1099 et
330 1056 423 1100 Silii
472 1056 577 1100 dicit
632 1057 792 1101 eadem
847 1060 998 1101 mente
1054 1070 1142 1112 qua
1191 1055 1287 1107 Dio,
1342 1054 1414 1098 ubi
1463 1054 1601 1098 Silius
1649 1067 1750 1098 eam

243 1140 430 1171 uxorem
465 1128 632 1171 ducere
666 1131 858 1171 coactus
892 1128 1097 1179 traditur,
1133 1140 1235 1170 cum
1270 1125 1390 1182 apud
1413 1124 1617 1168 Tacitum
1651 1125 1750 1181 ipse

243 1200 403 1239 auctor
447 1197 591 1239 fuisse
635 1197 855 1240 videatur.
921 1197 1038 1240 lnter
1085 1196 1268 1252 nuptias
1314 1199 1358 1237 et
1405 1195 1675 1238 vindemiam
1724 1208 1751 1236 a

246 1266 490 1310 Messalina
514 1267 789 1310 celebratam
815 1267 938 1323 (Tac.
962 1266 1017 1310 ΧΙ
1037 1266 1102 1322 31)
1128 1265 1275 1309 maius
1299 1265 1582 1308 intervallum
1605 1263 1751 1308 fuisse

243 1336 431 1387 videtur,
466 1350 554 1391 qua
588 1337 643 1380 de
677 1350 724 1379 re
748 1336 831 1379 Dio
866 1340 910 1379 et
933 1336 1183 1380 Suetonius
1213 1334 1316 1377 nihil
1350 1334 1548 1377 tradunt.
1594 1333 1751 1389 Neque

243 1405 428 1448 Tacitus
473 1406 578 1448 dicit
612 1406 848 1449 Claudium
887 1408 993 1459 πρὸς
1032 1408 1243 1459 ἐπίσκεψιν
1287 1408 1397 1446 σίτου
1436 1403 1613 1447 Ostiam
1654 1416 1752 1459 pl‘01

182 1491 185 1494 >
243 1476 412 1517 fectum
447 1488 569 1525 esse,
604 1475 687 1518 sed
722 1479 919 1518 tantum:
953 1475 1165 1518 sacrificii
1199 1487 1357 1516 causa.
1412 1473 1542 1516 Dioni
1574 1472 1753 1515 facilius

242 1544 378 1587 fidem
412 1545 650 1596 habemus,
685 1558 788 1587 nam
822 1545 956 1586 etiam
991 1557 1047 1587 ex
1079 1543 1300 1587 Suetonio
1340 1542 1515 1599 (Claud.
1550 1542 1614 1598 18)
1648 1556 1751 1585 eum

244 1614 397 1665 „urbis
431 1627 733 1670 annonaeque
781 1627 935 1658 curam
985 1613 1292 1658 solicitissime
1337 1626 1522 1669 semper
1569 1612 1752 1669 egisse“

244 1685 523 1740 accepimus.
591 1685 708 1727 ldem
743 1697 800 1727 ex
831 1685 972 1727 Taciti
1013 1684 1163 1727 verbis
1207 1684 1481 1727 concludere
1514 1684 1630 1733 licet,
1679 1682 1751 1738 qui

244 1754 521 1799 Messalinae
555 1754 741 1798 lascivia
783 1755 963 1799 detecta
1009 1754 1255 1812 principem
1302 1754 1521 1811 „primum
1568 1754 1630 1797 rei
1664 1753 1753 1796 iru-

245 1826 493 1869 mentariae
534 1827 815 1881 praefectum
863 1826 1159 1868 Turranium“
1199 1829 1544 1880 percontantem
1584 1823 1755 1867 inducit

246 1894 379 1950 (xl31
415 1894 539 1951 init.).

386 1966 452 2007 ΕΧ
484 1966 553 2008 his
587 1967 747 2021 paucis
787 1967 1072 2009 lineamentis
1112 1965 1427 2021 intellegimus,
1471 1968 1753 2019 quantopere

243 2034 424 2079 Tacitus
457 2035 693 2089 studuerit,
728 2049 845 2093 quae
878 2036 919 2079 in
951 2036 1155 2094 pluribus
1179 2035 1300 2080 libris
1325 2034 1503 2087 invenit,
1538 2033 1580 2077 in
1615 2046 1752 2077 unum

246 2107 544 2162 comprimere
579 2111 623 2149 et
656 2107 872 2162 redigere.
938 2108 1154 2150 Fortasse
1187 2107 1366 2149 Aufidio
1407 2110 1595 2148 auctore
1636 2104 1753 2159 prin-

244 2174 373 2231 cipali
419 2189 532 2219 usus
565 2180 648 2228 est,
698 2177 769 2232 qui
808 2177 986 2220 interitu
1021 2177 1299 2221 Messalinae
1332 2189 1449 2233 opus
1495 2173 1752 2219 absolvisse

247 2246 377 2289 nobis
411 2246 585 2290 videtur
618 2260 809 2302 eamque
843 2248 899 2289 ob
935 2260 1027 2290 rem
1063 2247 1242 2303 ingenio
1276 2260 1361 2290 suo
1397 2247 1578 2302 paulum
1615 2244 1754 2288 indul-

244 2316 379 2360 sisse.
431 2316 535 2361 ‘Sed
569 2316 720 2360 inutile
761 2317 891 2360 nobis
930 2317 1106 2361 videtur
1143 2322 1327 2362 ceteros
1368 2321 1584 2360 auctores
1617 2327 1752 2371 quaeae

245 2399 358 2439 rere,
393 2400 497 2430 cum
530 2387 729 2440 Tacitus,
763 2401 879 2443 quae
914 2386 1074 2443 cuique
1108 2387 1288 2444 propria
1322 2391 1464 2440 erant,
1498 2390 1625 2430 tanta
1659 2388 1756 2428 arte

245 2458 577 2501 obscuraverit.

392 2889 418 2933 ¹)
447 2889 618 2925 Zonoras
645 2891 693 2926 XI
712 2893 755 2928 10
779 2886 995 2940 [Ιολυβίου
1018 2887 1246 2939 σφαγέντος
1264 2885 1398 2928 οι”κέτ’
1420 2886 1522 2939 αι”τῇ
1538 2886 1756 2927 ἐπίστευον.
