2090 3320
1044 206 1094 269 ¹„ss

307 346 507 386 mentum
554 341 771 387 historiae
818 341 934 386 illius
983 342 1148 386 aetatis
1195 342 1365 397 fuisse3
1415 347 1460 388 et
1507 343 1594 388 alio
1642 343 1814 400 loco¹):

309 414 615 456 Romanorum
669 413 904 456 historiam
958 426 1014 456 ex
1070 413 1186 456 actis
1245 419 1437 458 senatus
1489 417 1642 458 natam
1696 427 1816 458 esse.

307 482 529 540 Groag2):
576 482 819 527 incredibili
865 482 1030 526 fuisset
1068 483 1355 541 neglegentia
1392 483 1592 536 Tacitus,
1631 482 1670 527 si
1708 483 1816 527 omi-

305 553 446 596 sisset
493 552 609 595 actis
654 557 847 596 senatus
892 553 968 596 uti.
1019 579 1073 583 -
1122 553 1205 596 Alii
1256 567 1358 597 eum
1407 559 1512 598 acta
1558 553 1816 610 inspexisse

306 623 438 679 plane
480 626 662 679 negant.
727 623 859 671 Quae
909 622 1028 666 XVu
1079 636 1135 666 ex
1185 622 1301 666 actis
1349 627 1533 680 sumpta
1581 626 1814 675 memorat,

306 696 468 750 postea
507 706 610 737 eum
655 692 888 737 addidisse
929 692 1141 746 dicunt3).
1205 693 1339 742 Quod
1383 693 1516 736 Χ1113ι
1563 706 1666 737 cum
1710 706 1815 737 cont

304 768 478 819 temptu
527 767 632 807 acta
681 763 832 819 populi
881 763 1096 814 nominat,
1151 776 1240 806 non
1292 767 1375 815 est,
1431 776 1512 807 cur
1562 777 1664 807 eum
1712 767 1816 808 acta

305 833 464 878 diurna
513 833 696 878 omnino
745 833 1017 891 despexisse
1066 832 1378 886 concludatur,
1426 846 1529 877 cum
1577 832 1619 877 id
1667 834 1815 877 solum

306 904 426 948 dicat
461 905 664 956 Plinium,
708 905 781 960 qui
815 905 888 947 illo
921 905 1022 947 loco
1056 908 1219 947 auctor
1251 905 1350 948 eius
1384 908 1541 957 erat⁴),
1576 917 1666 956 res,
1700 918 1815 960 quas

306 975 592 1031 potissimum
627 975 668 1017 in
703 974 820 1018 actis
851 973 1022 1017 diurnis
1056 974 1197 1031 legas,
1232 974 1357 1030 operi
1394 987 1480 1018 suo
1514 974 1570 1027 (Α
1602 975 1693 1018 fine
1726 974 1814 1017 Au-

303 1044 392 1087 fidii
429 1045 579 1096 Bassi)
620 1045 899 1087 adiunxisse.
963 1043 1118 1087 Altero
1158 1045 1260 1087 loco
1295 1044 1431 1097 (1113),
1473 1045 1545 1087 ubi
1594 1049 1698 1087 acta
1737 1058 1816 1100 po·

306 1116 396 1171 puli
431 1114 553 1166 adiit,
587 1128 676 1158 non
711 1114 1050 1171 contempsisse
1084 1115 1270 1158 videtur.

449 1195 517 1240 Ac
550 1196 735 1241 Tacitus
770 1209 873 1240 cum
908 1196 1088 1240 duobus
1131 1195 1172 1238 in
1206 1195 1344 1248 libris,
1395 1209 1511 1253 quos
1552 1200 1813 1253 perscruta—

305 1267 464 1317 bimur,
505 1270 610 1310 acta
650 1268 810 1309 diurna
850 1267 992 1309 semel
1031 1270 1190 1322 aperte
1229 1267 1430 1309 nominet
1472 1267 1564 1319 (Xll
1588 1269 1675 1319 24),
1711 1271 1815 1310 acta

304 1340 495 1379 senatus
531 1350 756 1393 nusquam
800 1339 1144 1380 commemorat.
1210 1335 1480 1392 Priusquam
1520 1336 1652 1394 igitur
1694 1337 1814 1379 affir-

305 1420 485 1449 mamus
525 1420 627 1449 eum
668 1406 803 1450 etiam
844 1406 914 1449 his
954 1420 1087 1449 usum
1128 1419 1248 1457 esse,
1289 1410 1416 1449 certa
1455 1406 1645 1462 vestigia
1684 1408 1815 1450 nobis

305 1477 663 1520 demonstranda
687 1480 807 1520 sunt.
857 1476 1006 1532 Atque
1031 1475 1223 1532 primum
1248 1475 1427 1532 quidem
1459 1477 1657 1533 scriptor
1678 1477 1812 1529 viros,

305 1546 377 1602 qui
404 1546 593 1591 Claudio
627 1550 841 1590 monente
868 1560 894 1590 a
924 1549 1136 1589 senatu
1164 1545 1355 1589 summis
1385 1546 1633 1590 honoribus
1661 1548 1813 1592 affecti

306 1622 427 1669 sunt,
462 1619 592 1661 solus
622 1618 837 1669 nominat,
873 1630 975 1660 cum
1005 1616 1125 1672 apud
1150 1619 1333 1659 ceteros
1355 1622 1585 1668 auctores,
1622 1621 1670 1660 ut
1703 1617 1814 1660 Sue-

303 1688 477 1731 tonium
508 1691 552 1732 et
581 1687 785 1739 Dionem,
815 1687 919 1730 nihil
948 1686 1170 1730 eiusmodi
1203 1686 1502 1743 reperiamus.
1552 1686 1814 1744 Excipimus

305 1771 400 1808 eos,
442 1759 514 1813 qui
559 1759 770 1801 omnibus
811 1757 902 1800 noti
945 1758 1141 1807 fuerunt,
1187 1760 1233 1798 ut
1276 1757 1333 1798 M.
1376 1756 1549 1815 Junium
1596 1757 1813 1808 Silanum,

305 1828 477 1871 Claudii
513 1841 731 1884 generum
766 1828 982 1878 futurum,
1017 1826 1149 1870 cuius
1183 1826 1351 1870 mentio
1379 1826 1429 1870 fit
1458 1830 1503 1870 et
1535 1827 1655 1883 apud
1688 1827 1813 1872 Taci-

301 1904 395 1942 turn
437 1898 559 1941 Χ113
600 1902 644 1941 et
690 1898 959 1942 Suetonium
1007 1896 1163 1940 Claud.
1203 1897 1260 1939 24
1305 1900 1349 1939 et
1395 1896 1584 1940 Dionem
1632 1896 1812 1940 LX317.

302 1970 505 2021 Accedit,
541 1969 660 2024 quod
696 1970 751 2012 de
785 1982 839 2012 eo
879 1973 1099 2024 tempore,
1139 1980 1228 2023 quo
1263 1967 1449 2011 Silanus
1490 1971 1696 2011 mortuus
1730 1972 1812 2020 est,

302 2039 426 2082 Plinii
460 2039 571 2082 liber
603 2039 673 2081 his
696 2038 840 2082 tribus
870 2037 1169 2094 scriptoribus
1199 2037 1460 2080 testimonio
1494 2038 1638 2091 fuit5).
1685 2038 1813 2081 Alios

301 2114 453 2152 autem
487 2110 624 2161 viros,
659 2109 731 2164 qui
766 2121 855 2151 non
899 2107 1077 2150 sublimi
1118 2107 1218 2150 loco
1259 2107 1350 2150 nati
1391 2112 1533 2159 erant,
1574 2108 1736 2151 eodem
1771 2109 1812 2151 in

300 2179 410 2223 libro
437 2178 637 2230 Tacitus,
672 2191 776 2221 cum
807 2177 863 2221 de
895 2181 1059 2220 senatu
1084 2177 1232 2233 aliquo
1263 2177 1381 2229 dicit,
1418 2177 1650 2221 nominare
1681 2178 1811 2229 solet,

300 2262 447 2307 neque
479 2253 632 2293 tamen
666 2248 786 2306 apud
822 2248 1091 2293 Suetonium
1131 2250 1175 2290 et
1209 2247 1402 2291 Dionem
1437 2260 1594 2291 eorum
1630 2249 1813 2291 nomina

300 2321 568 2376 reperimus.
634 2319 836 2374 Exempli
871 2332 1015 2361 causa
1049 2318 1177 2360 dico:

301 2401 375 2444 Xll
411 2402 467 2445 28
500 2402 808 2456 decretusque
842 2399 1093 2456 Pomponio
1127 2395 1411 2454 triumphalis
1444 2398 1607 2441 honos.

301 2472 375 2514 Xll
409 2473 467 2515 38
501 2475 750 2515 censentur
783 2470 969 2515 Ostorio
1003 2468 1213 2525 triumphi
1247 2467 1456 2525 insignia.

444 2647 471 2691 ¹)
514 2646 591 2682 Das
630 2646 845 2682 Verhiiltnis
867 2674 874 2681 .
897 2674 904 2681 .
929 2674 936 2681 .
958 2657 1034 2691 pag
1073 2647 1103 2680 l.

443 2704 471 2748 2)
500 2703 667 2740 Annales
696 2703 871 2740 Fleckeis.
902 2705 1002 2741 1897.
1031 2714 1107 2750 pag
1132 2705 1210 2738 714.

443 2763 471 2806 3)
503 2762 581 2797 Das
607 2762 821 2798 Verhfiltnis
844 2791 850 2797 .
873 2791 880 2797 .
903 2791 910 2798 .
932 2774 1007 2808 pag
1033 2764 1064 2805 5,
1092 2764 1220 2798 adnot.
1251 2764 1279 2797 1.

442 2821 472 2866 4)
501 2821 541 2856 ld
568 2832 643 2867 pag
668 2823 689 2857 3
716 2821 885 2867 pluribus
912 2820 1173 2866 exposuimus.

448 2880 476 2926 ⁵)
504 2879 575 2915 hac
602 2879 649 2916 de
677 2890 715 2915 re
741 2879 785 2915 cf.
812 2890 888 2925 pag
912 2881 944 2914 4.
