2090 3320
1037 205 1063 249 6

294 342 386 388 fine
432 344 596 389 Aufidii
645 344 792 397 Bassi,
844 356 993 401 pauca
1048 345 1179 389 nobis
1230 345 1423 390 dicenda
1470 349 1591 389 sunt.
1656 346 1804 403 Atque

295 415 486 470 primum
520 415 699 471 quidem
734 415 858 457 Plinii
891 415 1011 458 filius
1044 416 1327 471 (adoptatus)
1351 416 1535 459 tradidit
1558 418 1676 473 (epp.
1702 414 1803 459 1115

294 484 391 540 §6)
432 484 641 528 avunculi
681 484 820 528 libros
866 484 904 527 A
945 484 1038 528 fine
1078 485 1242 529 Aufidii
1285 485 1417 529 Bassi
1457 485 1598 529 XXXl
1640 485 1801 530 fuisse.

293 555 380 603 Qui
406 555 524 597 unde
543 566 682 597 orsus
700 554 772 605 sit,
796 557 1025 597 vetustum
1045 553 1117 598 est
1141 555 1257 598 inter
1280 556 1533 612 philologos
1552 561 1800 599 certamen.

294 625 394 682 lpse
428 624 608 682 quidem
642 624 713 669 bis
746 624 788 668 in
823 627 967 669 altero
1002 625 1113 669 libro
1148 625 1380 669 Naturalis
1413 625 1634 670 historiae
1668 626 1802 670 huius

291 696 385 739 libri
420 696 697 739 mentionem
730 695 860 739 facit:

410 766 440 809 ll
466 767 590 821 §199
654 766 787 810 Anno
827 766 1025 810 Neronis
1066 766 1282 823 principis
1323 781 1556 824 supremo,
1601 767 1720 811 sicut
1757 767 1800 810 in

657 838 796 879 rebus
830 837 929 879 eius
963 837 1275 891 exposuimus.

409 905 439 950 ll
466 907 490 961 ξ
515 906 601 950 232
640 904 862 950 -Neronis
895 900 1113 963 principis
1136 905 1366 963 supremis
1394 906 1568 960 diebus,
1603 905 1722 950 sicut
1755 905 1798 950 in

657 977 797 1018 rebus
830 976 930 1018 eius
964 976 1233 1019 rettulimus.

432 1046 566 1095 Quod
603 1046 674 1090 hic
708 1044 870 1089 dicitur
893 1048 1090 1102 tempus,
1125 1059 1275 1090 annus
1309 1049 1381 1091 est
1413 1047 1482 1090 67.
1517 1047 1584 1091 vel
1609 1046 1678 1090 68.
1706 1046 1798 1092 Sed

290 1119 331 1161 in
366 1118 656 1160 remotiorem
696 1120 895 1159 aetatem
936 1117 1084 1160 redire
1124 1130 1389 1172 possumus.
1453 1117 1639 1160 Tacitus
1680 1118 1797 1160 enim

288 1187 384 1230 Xlll
415 1188 458 1231 31
495 1189 611 1230 haec
644 1186 799 1229 tradit:
835 1185 1016 1229 Nerone
1050 1186 1211 1229 iterum
1253 1187 1295 1229 L.
1328 1186 1496 1231 Pisone
1530 1187 1796 1232 consulibus

291 1257 333 1313 (i.
370 1270 406 1300 e.
442 1270 562 1300 anno
596 1256 685 1309 57.)
727 1269 876 1312 pauca
916 1256 1135 1299 memoria
1169 1256 1304 1313 digna
1345 1269 1556 1309 evenere,
1604 1257 1688 1299 nisi
1727 1257 1798 1300 cui

290 1330 427 1371 libeat
469 1326 711 1371 laudandis
754 1327 1066 1370 fundamentis
1116 1331 1161 1370 et
1211 1327 1430 1380 trabibus,
1486 1327 1587 1384 quis
1635 1329 1797 1372 molem

288 1397 609 1453 amphitheatri
653 1398 773 1453 apud
817 1410 1027 1453 campum
1076 1398 1232 1440 Martis
1273 1397 1452 1441 Caesar
1490 1401 1798 1450 exstruxerat,

287 1468 514 1512 volumina
557 1467 744 1522 implere
768 1500 950 1510 .......
1017 1467 1098 1510 His
1144 1481 1246 1512 cum
1290 1467 1441 1512 verbis
1486 1468 1573 1512 iam
1624 1468 1796 1525 pridem

286 1541 605 1595 comparatum
654 1540 726 1580 est
782 1536 884 1580 Nat.
940 1537 1042 1580 hist.
1083 1537 1180 1582 XVl
1225 1538 1294 1590 40,
1337 1538 1442 1582 200:
1503 1538 1797 1595 Amplissima

285 1610 500 1652 arborum
547 1608 604 1650 ad
650 1609 737 1650 hoc
781 1607 879 1650 aevi
923 1608 1212 1651 existimatur
1267 1608 1435 1652 Romae
1489 1608 1600 1661 visa,
1661 1621 1796 1664 quam

287 1682 476 1735 propter
508 1678 776 1721 miraculum
810 1677 1019 1720 Tiberius
1045 1677 1222 1721 Caesar
1264 1681 1559 1734 exposuerat,
1603 1677 1798 1720 duravit·

283 1761 370 1804 que
417 1749 473 1791 ad
505 1748 720 1791 >Neronis
778 1746 996 1803 principis
1044 1746 1446 1801 amphitheatrum;
1509 1746 1591 1790 fuit
1644 1750 1795 1790 autem

281 1819 440 1861 trabes
475 1830 499 1861 e
533 1817 686 1870 larice,
720 1818 856 1873 longa
890 1816 1034 1873 pedes
1069 1815 1204 1868 CXX,
1246 1816 1440 1872 bipedali
1475 1816 1795 1868 crassitudine,

280 1903 368 1946 quo
403 1889 751 1945 intellegebatur
784 1887 856 1931 vix
890 1886 1119 1930 credibilis
1144 1886 1318 1943 reliqua
1352 1886 1542 1931 altitudo
1564 1886 1795 1944 fastigium

278 1961 334 2002 ad
362 1971 586 2003 cacumen
612 1957 976 2001 aestimantibus.
1032 1958 1107 2013 (cf.
1132 1957 1268 2000 etiam
1294 1956 1394 2000 Nat.
1420 1957 1522 2000 hist.
1547 1957 1648 2000 XlX
1671 1957 1796 2011 125),

423 2028 626 2071 Dubitari
668 2041 757 2071 non
799 2031 965 2083 potest,
1012 2027 1117 2083 quin
1155 2027 1297 2070 Taciti
1340 2028 1479 2071 verba
1523 2028 1566 2071 in
1606 2027 1793 2071 Plinium

263 2102 506 2156 -spectent,
553 2099 685 2141 cuius
726 2098 781 2140 de
822 2097 905 2139 illis
938 2097 1145 2140 trabibus
1186 2097 1495 2140 narrationem
1535 2098 1577 2140 in
1611 2097 1722 2140 libro
1755 2098 1794 2140 A

277 2170 370 2213 fine
425 2168 589 2212 Aufidii
643 2167 776 2211 Bassi
833 2167 1012 2210 invenit.
1078 2167 1171 2211 Sed
1223 2180 1325 2211 cum
1377 2167 1448 2210 his
1487 2167 1633 2211 tribus
1681 2166 1795 2211 locis

279 2241 625 2284 demonstretur
677 2237 913 2294 imperium
970 2237 1167 2281 Neronis
1221 2241 1365 2281 totum
1422 2237 1465 2281 in
1512 2241 1723 2294 tempora
1767 2251 1794 2281 a

279 2310 419 2353 Plinio
470 2310 703 2364 descripta
744 2309 957 2360 incidere,
1004 2308 1107 2350 nihil
1154 2321 1347 2363 usquam
1393 2309 1513 2364 apud
1559 2321 1661 2351 eum
1707 2312 1792 2362 est,

278 2393 420 2437 quare
455 2380 787 2424 concludamus
813 2378 985 2423 Claudii
1012 2391 1191 2435 quoque
1225 2382 1270 2422 et
1293 2377 1525 2436 Caligulae
1554 2382 1598 2422 et
1631 2378 1791 2423 Tiberii

276 2457 534 2507 temporum
586 2451 643 2493 ab
687 2463 742 2493 eo
788 2450 1009 2492 rationem
1060 2449 1259 2491 habitam
1309 2462 1431 2492 esse.
1495 2449 1653 2501 Titulo,
1702 2462 1791 2505 quo

278 2521 449 2564 Plinius
494 2533 613 2576 opus
663 2519 854 2571 ornavit,
907 2532 1008 2562 eum
1062 2532 1151 2562 non
1204 2519 1261 2562 ab
1318 2518 1454 2562 initiis
1501 2519 1790 2576 imperatoris

277 2591 470 2634 alicuius
505 2590 709 2632 scribere
734 2589 949 2644 coepisse
983 2589 1099 2630 satis
1123 2594 1330 2644 apparet,
1364 2602 1506 2644 quare
1530 2590 1791 2645 complures

277 2662 701 2711 commovebantur,
744 2664 791 2703 ut
832 2662 918 2703 hoc
959 2659 1128 2703 initium
1169 2659 1210 2703 in
1253 2659 1400 2704 medio
1435 2659 1607 2705 Claudii
1647 2672 1789 2716 regno

277 2734 514 2785 ponerent.
580 2731 713 2778 Quod
758 2731 845 2773 iam
894 2730 1155 2785 Nipperdey
1204 2730 1472 2786 suspicatus
1519 2731 1561 2774 in
1611 2732 1789 2786 praefa-

274 2800 398 2843 tione
432 2799 643 2843 editionis
668 2799 744 2856 (110
767 2812 867 2856 pag.
892 2801 966 2854 30)
993 2800 1097 2842 dicit
1123 2813 1179 2844 ex
1203 2813 1323 2843 anno
1347 2801 1406 2842 51.
1441 2801 1561 2856 apud
1584 2800 1788 2843 Tacitum

276 2870 498 2926 prodigia,
533 2883 651 2926 quae
677 2870 863 2919 Plinius,
889 2884 979 2926 qua
1003 2875 1131 2914 esset
1155 2870 1304 2913 indole
1339 2870 1517 2926 ingenii,
1553 2870 1790 2927 diligenter
