2090 3320
969 199 1026 254 „41

247 334 521 380 Messalinae
554 336 722 380 nullum
756 335 978 380 invenitur
1009 336 1263 394 vestigium,
1304 349 1393 393 quo
1428 336 1614 380 Plinium
1649 348 1754 380 auc*

244 410 390 451 torem
422 407 568 451 fuisse
610 411 901 459 monstretur,
951 406 1085 451 immo
1131 408 1169 451 si
1217 407 1338 452 initio
1384 407 1474 451 Xll.
1509 407 1618 459 libri,
1657 407 1682 450 i.
1717 420 1754 450 e.

247 480 352 532 post
400 481 633 520 narratam
683 477 962 521 Messalinae
1008 478 1197 521 caedem
1246 479 1362 521 haec
1410 477 1572 520 indicia
1621 490 1754 520 accun

245 546 485 599 mulantur,
517 547 612 590 fieri
651 561 739 591 non
774 551 927 603 potest
950 547 1054 603 quin
1078 548 1407 591 concludamus
1433 548 1488 591 ab
1517 547 1639 591 initio
1664 547 1755 592 ΧΗ.

245 616 338 660 libri
374 616 562 660 Plinium
595 618 736 661 Taciti
787 621 1023 660 auctorem
1057 617 1216 670 fuisse,
1266 619 1384 672 quod
1435 618 1473 660 si
1523 619 1754 673 probatur,

244 686 390 742 ipsum
409 686 577 730 initium
597 686 691 730 libri
712 687 912 739 Pliniani,
938 687 1010 742 qui
1034 687 1391 730 inscribebatur:
1417 687 1456 729 A
1479 688 1570 730 fine
1591 687 1754 730 Aufidii

246 756 667 814 Bassi,'repertum
714 762 797 801 est.
864 757 960 800 Nos
1009 757 1188 812 quidem
1236 758 1519 800 affirmamus
1563 757 1752 800 Plinium

244 827 360 879 hinc,
414 841 440 870 a
494 831 637 871 morte
684 827 963 871 Messalinae
1008 831 1051 870 et
1100 827 1407 870 dominatione
1461 827 1752 883 Agrippinae,

244 896 413 941 initium
448 898 643 954 cepisse.

384 968 477 1011 Sed
516 981 684 1024 operae
724 969 915 1024 pretium
956 968 1131 1011 videtur
1170 981 1452 1024 comparare,
1500 981 1617 1023 quae
1657 972 1752 1011 tres

244 1037 298 1081 illi
347 1038 596 1094 scriptores
644 1039 825 1082 tradere
878 1043 1083 1096 pergant.
1148 1038 1320 1083 Claudii
1380 1042 1424 1082 et
1474 1038 1752 1095 Agrippinae

245 1108 441 1163 nuptiae,
477 1109 623 1164 patrui
658 1113 703 1151 et
734 1109 889 1151 fratris
922 1110 1060 1161 filiae,
1094 1109 1300 1151 incestae
1335 1121 1437 1150 cum
1472 1109 1753 1150 haberentur

243 1190 369 1220 more
403 1177 620 1228 Romano,
655 1182 847 1221 senatus
881 1183 980 1221 erat
1013 1192 1095 1221 eas
1129 1178 1355 1235 legitimas
1389 1178 1597 1230 reddere,
1631 1179 1751 1233 quod

243 1247 591 1303 perpetrandum
626 1247 829 1291 Vitellius
862 1249 1070 1304 sumpsit,
1105 1248 1176 1304 qui
1211 1248 1298 1291 iam
1333 1247 1506 1304 pridem
1541 1247 1582 1290 in
1618 1261 1751 1291 accu-

242 1317 387 1360 sando
420 1317 575 1361 Silano
610 1317 886 1373 Agrippinae
919 1319 1106 1362 faverat.
1170 1318 1387 1374 Singulae
1422 1322 1578 1373 partes
1612 1319 1745 1361 huius

243 1391 436 1430 senatus
470 1387 590 1443 apud
624 1387 829 1431 Tacitum
863 1388 996 1431 facile
1029 1388 1371 1432 discernuntur:

254 1459 287 1513 1)
322 1457 525 1500 Vitellius
569 1458 745 1500 veniam
797 1458 972 1502 dicendi
1014 1463 1120 1503 ante
1154 1459 1267 1502 alios
1303 1459 1512 1515 exposcit
1557 1459 1753 1514 dicitque

385 1528 647 1584 imperatori
681 1529 814 1572 viduo
850 1530 1042 1587 coniuge
1077 1543 1286 1574 curarum
1320 1543 1504 1572 suarum
1536 1529 1752 1585 participe

384 1611 501 1654 opus
536 1612 658 1642 esse.

242 1668 287 1723 2)
323 1668 461 1711 Multa
496 1673 674 1724 patrum
708 1669 966 1713 adsentatio
1000 1670 1218 1726 sequitur.

241 1737 286 1793 3)
321 1738 522 1781 Vitellius
556 1743 692 1794 capto
726 1752 888 1782 rursus
922 1741 1045 1783 initio
1079 1739 1373 1795 Agrippinam
1409 1739 1625 1782 nominat.

244 1808 288 1864 4)
324 1808 540 1853 Claudius
590 1813 782 1852 vocatus
821 1811 889 1854 vel
941 1810 1220 1866 impatientia
1266 1810 1492 1853 adductus
1540 1813 1751 1853 senatum

385 1880 623 1936 ingressus
663 1880 896 1923 decretum
937 1882 1152 1937 postulat,
1198 1893 1286 1935 quo
1327 1881 1474 1923 iustae
1518 1880 1634 1923 inter
1675 1893 1751 1935 pa-

384 1953 513 1993 truos
545 1952 825 2006 fratrumque
871 1950 988 1994 filias
1035 1951 1218 2006 nuptiae
1265 1951 1399 1993 etiam
1441 1950 1482 1992 in
1518 1953 1749 2005 posterum

385 2024 709 2064 statuerentur.
745 2048 800 2052 —

243 2090 361 2133 ldem
395 2094 531 2146 atque
565 2091 708 2134 isdem
731 2092 827 2134 fere
849 2091 999 2134 verbis
1030 2091 1149 2148 apud
1176 2091 1363 2134 Dionem
1381 2088 1607 2146 *scriptum
1630 2093 1748 2132 erat:

242 2162 446 2204 Zonaras
491 2161 546 2204 ΧῙ
572 2162 618 2204 10
657 2161 835 2205 Dm..
883 2164 1033 2216 λόγους
1085 2165 1127 2203 ἓν
1173 2168 1219 2216 τῇ
1266 2164 1399 2216 βωνλῇ
1445 2163 1468 2201 ὁ
1523 2163 1751 2204 Οὐιτέλλιος

241 2232 472 2285 ἐποιήσατο,
506 2233 562 2272 ὅτι
596 2234 803 2286 συμφέροι
835 2238 893 2286 τῷ
925 2239 1055 2286 κοινῷ
1088 2238 1213 2286 γῆμαι
1248 2233 1316 2273 τὸν
1341 2233 1548 2273 Κλαύὸιων
1579 2232 1646 2271 καὶ
1680 2232 1751 2284 τὴν

234 2303 497 2355 Ἀγριππῖναν
529 2304 753 2357 ἐπιτηὸείαν
785 2305 839 2348 εἰς
869 2308 989 2343 τοῦτο
1023 2304 1235 2356 ἀπέφαινε,
1268 2305 1335 2343 καὶ
1368 2304 1591 2356 βιάσασϋαι
1616 2303 1751 2354 σφίσιν

240 2373 364 2414 αἶ’τὸν
411 2374 474 2413 ἐπὶ
520 2373 589 2413 τὸν
633 2375 769 2426 γάμον
816 2375 1107 2427 σι’νεβούλειέν
1132 2386 1140 2394 ·
1167 2375 1355 2414 ἐντεῦθεν
1406 2375 1660 2426 ‹lQJaJJ-ovssvnc
1713 2374 1751 2410 οἵ

240 2444 454 2497 βουλευταὶ
486 2444 591 2497 πρὸς
622 2444 691 2485 τὸν
726 2444 933 2485 Κλαύδιον
967 2444 1097 2498 ἦλθον
1126 2445 1192 2485 καὶ
1219 2445 1456 2497 ἠνάγκασαν
1478 2445 1606 2497 (δῆθεν
1628 2442 1751 2483 αι’·τὸν

242 2520 379 2567 γῆμαι,
422 2515 489 2555 καὶ
538 2516 735 2568 ’ψήφισιιυι
782 2516 1026 2569 «ἐποιήσαντο
1077 2515 1218 2562 ἐξεῖναι
1259 2515 1487 2567 ‘Parnasum
1529 2515 1751 2566 (Ξὸελιμὸᾶζ

240 2586 411 2638 ἄγεσθαι
436 2599 442 2605 ·
466 2586 668 2639 πρότερον
701 2586 778 2639 γὰρ
811 2586 1053 2626 ἐκεκώλυτο.
1105 2583 1293 2627 Brevius
1323 2596 1457 2638 quam
1488 2582 1673 2625 Tacitus
1706 2586 1750 2625 et

242 2653 324 2697 Dio
363 2655 450 2697 hac
495 2654 550 2697 de
595 2668 642 2697 re
682 2654 931 2698 Suetonius
977 2653 1082 2697 dicit
1126 2654 1301 2707 (Claud.
1335 2655 1428 2705 26ss
1474 2652 1749 2697 Subornavit

242 2723 494 2777 (Claudius)
529 2724 733 2780 proximo
773 2728 952 2776 senatu,
998 2723 1071 2780 qui
1112 2728 1358 2767 censerent
1397 2723 1651 2780 cogendum
1697 2736 1749 2765 sc

240 2795 297 2838 ad
332 2795 585 2839 ducendam
627 2808 727 2838 eam
762 2794 1090 2851 (Agrippinam)
1133 2807 1334 2846 uxorem,
1384 2794 1514 2849 quasi
1563 2794 1624 2837 rei
1670 2807 1748 2850 pu-

240 2866 384 2909 blicae
439 2865 634 2909 maxime
689 2865 947 2917 interesset,
1003 2865 1292 2921 dandamque
1350 2864 1516 2908 ceteris
1572 2865 1748 2908 veniam
