2090 3320
1041 212 1098 254 40

307 348 441 393 dubio
485 362 587 393 eum
634 349 824 393 Plinium
880 349 1190 394 ludificantem
1249 349 1477 402 videmus;
1524 348 1627 393 hist.
1672 348 1729 392 ΧΙ
1748 349 1820 393 50.

307 419 626 476 Compluribus
650 420 763 464 locis
788 420 969 464 Gercke
992 421 1034 464 in
1061 421 1222 474 libello,
1247 421 1318 477 qui
1344 420 1602 465 inscribitur
1619 419 1818 464 Seneca-

306 490 510 542 Studien,
545 491 825 547 argumentis
859 491 1189 535 demonstravit
1231 493 1349 535 tales
1382 491 1479 534 dies
1513 494 1821 548 congruentes

307 573 560 604 memorare
605 565 649 604 et
694 574 936 605 numerare
980 575 1037 606 ex
1082 575 1168 605 usu
1216 561 1341 605 Plinii
1384 561 1541 606 fuisse.
1607 562 1818 606 Ceterum

306 630 343 673 si
378 630 418 672 in
454 630 674 674 rationem
709 631 992 685 vocabimus,
1042 632 1162 688 quod
1202 632 1289 675 iam
1329 631 1450 675 initio
1498 631 1819 687 disputationis

306 704 493 743 nostrae
542 700 757 745 diximus:
807 706 1025 758 quantum
1070 702 1154 754 hic,
1204 701 1277 744 ubi
1323 701 1519 757 Nuptiae
1564 700 1735 744 Claudii
1776 705 1821 745 et

305 770 583 826 Agrippinae
619 775 877 824 narrantur,
911 771 1061 815 odium
1087 771 1301 822 auctoris,
1337 771 1468 815 cuius
1497 771 1609 814 libro
1632 770 1819 815 Tacitus

306 852 419 882 usus
453 844 538 892 est,
574 840 615 883 in
650 842 769 885 hanc
802 842 992 893 eluceat,
1042 854 1131 884 non
1172 840 1259 884 iam
1300 841 1355 884 de
1397 854 1451 884 eo
1499 841 1818 884 dubitabimus.

305 910 595 966 Quamquam
636 911 793 967 primo,
836 925 917 955 cur
949 910 1197 968 Agrippina
1242 913 1387 956 electa
1427 910 1499 963 sit,
1545 925 1601 956 ex
1643 910 1819 955 ratione

305 983 348 1022 et
404 981 798 1037 argumentatione
854 981 1073 1024 Pallantis
1127 983 1243 1038 (cap.
1296 982 1325 1024 ΙΙ
1375 982 1507 1036 extr.)
1564 981 1753 1024 traditur
1772 981 1818 1037 ¹),

304 1054 458 1093 tamen
513 1051 731 1107 proximis
784 1051 934 1095 verbis
994 1065 1103 1095 vera
1163 1052 1366 1095 auctoris
1426 1051 1468 1095 in
1522 1051 1816 1108 Agrippinam

304 1132 435 1163 mens
469 1120 779 1176 cognoscitur.
846 1121 1205 1165 Ratiocinantem
1239 1122 1536 1178 agnoscimus
1571 1120 1817 1173 mulierem,

303 1203 421 1245 quae
455 1204 507 1233 se
542 1190 676 1234 etiam
712 1191 953 1246 prostituit,
1001 1196 1048 1234 ut
1087 1195 1427 1247 assequeretur,
1474 1204 1590 1247 quae
1631 1190 1816 1246 assequi

304 1259 456 1304 voluit.
522 1260 691 1304 Eodem
733 1261 821 1305 hoc
865 1264 1002 1317 caput
1041 1260 1261 1318 scriptum
1302 1265 1373 1304 est
1414 1260 1579 1313 animo,
1626 1273 1714 1316 quo
1748 1260 1817 1303 ille

304 1331 433 1374 locus
469 1330 626 1373 Dionis
659 1331 749 1373 LX!
775 1331 869 1383 11,3‚
915 1331 970 1374 de
1016 1331 1265 1388 Agrippina
1311 1345 1444 1375 suum
1491 1331 1634 1387 ipsius
1677 1330 1815 1373 filium

305 1400 346 1443 in
381 1405 586 1456 stuprum
622 1401 786 1445 illicere
820 1406 986 1445 conata
1030 1402 1087 1445 ad
1122 1402 1474 1446 dominationem
1509 1401 1815 1445 obtinendam.

305 1472 408 1519 Quo
443 1472 542 1515 loco
578 1484 852 1527 quamquam
889 1471 1090 1529 inprimis
1124 1473 1178 1515 de
1213 1472 1353 1516 Plinio
1387 1475 1575 1516 auctore
1614 1471 1815 1528 cogitan-

304 1542 409 1584 dum
457 1546 542 1593 est,
597 1542 727 1586 cuius
774 1542 1026 1585 insatiabile
1071 1542 1111 1585 in
1161 1542 1454 1600 Agrippinam
1500 1546 1544 1585 et
1588 1541 1814 1585 Neronem

303 1610 454 1654 odium
489 1612 604 1654 satis
639 1616 794 1655 notum
828 1616 912 1663 est,
946 1616 1096 1655 tamen
1132 1613 1322 1655 dubitari
1347 1616 1511 1668 potest,
1546 1625 1603 1655 an
1630 1612 1815 1656 Cluvius

305 1682 448 1726 Rufus
464 1686 625 1725 auctor
642 1681 790 1734 fuerit,
809 1682 940 1725 cuius
957 1695 1121 1726 nomen
1138 1683 1235 1738 ipse
1250 1683 1431 1726 Tacitus
1445 1682 1612 1726 indicat
1628 1682 1813 1738 (xlv2).

306 1751 364 1793 lbi
399 1755 558 1794 contra
584 1751 724 1795 Cluvii
757 1752 1032 1794 sententiam
1068 1752 1251 1795 Fabium
1278 1752 1510 1795 Rusticum
1545 1752 1668 1808 ponit
1702 1755 1813 1794 tum-

302 1835 389 1877 que
422 1822 564 1865 addit:
600 1822 731 1870 Quae
766 1821 965 1873 Cluvius,
1012 1822 1173 1865 eadem
1208 1823 1346 1866 ceteri
1388 1835 1566 1878 quoque
1600 1827 1814 1866 auctores

303 1892 541 1947 prodidere
577 1918 644 1943 -—,
686 1906 774 1948 quo
809 1893 850 1935 in
896 1905 1084 1935 numero
1132 1892 1235 1947 quin
1276 1892 1445 1935 Plinius
1479 1893 1709 1948 putandus
1742 1892 1813 1944 sit,

302 1974 435 2004 nemo
482 1961 715 2014 dubitabit,
774 1962 1049 2019 praesertim
1106 1974 1209 2005 cum
1253 1962 1428 2005 xl112o
1472 1962 1691 2013 conferat,
1741 1961 1813 2005 ubi

302 2032 486 2076 Cluvius
536 2037 581 2076 et
636 2033 805 2076 Plinius
859 2034 975 2077 idem
1030 2035 1285 2078 referentes
1333 2032 1617 2075 inducuntur.
1683 2031 1813 2079 Quae

301 2102 434 2159 igitur
467 2103 587 2159 apud
620 2102 820 2147 Tacitum
854 2103 997 2147 XlV2
1030 2117 1054 2147 e
1100 2102 1328 2147 sententia
1373 2101 1511 2146 Cluvii
1560 2102 1814 2145 afferuntur

298 2174 451 2225 verba,
495 2187 522 2216 a
567 2173 707 2217 Plinio
754 2175 915 2218 eodem
961 2175 1095 2218 modo
1138 2174 1304 2217 tradita
1338 2177 1462 2225 sunt;
1512 2177 1648 2228 atque
1694 2185 1811 2227 quae

299 2244 418 2299 apud
455 2243 644 2287 Dionem
680 2244 947 2300 reperimus,
994 2258 1128 2301 quam
1163 2258 1188 2287 a
1224 2242 1379 2287 Cluvio
1414 2243 1501 2286 ullo
1537 2243 1672 2286 modo
1705 2255 1810 2299 pen-

299 2314 407 2357 dere
442 2314 544 2357 nihil
580 2318 664 2367 est,
714 2328 795 2358 cur
842 2315 1145 2371 suspicemur,
1199 2328 1223 2357 c
1268 2314 1391 2357 Plinii
1436 2313 1474 2355 A
1517 2313 1607 2356 fine
1647 2312 1820 2356 Aufidiiv

300 2384 433 2427 Bassi
469 2384 592 2427 libris
626 2390 808 2441 sumpta
844 2389 964 2429 sunt.
1012 2385 1166 2440 ltaque
1199 2385 1236 2427 si
1272 2384 1312 2426 in
1343 2384 1643 2427 describenda
1667 2387 1811 2427 morte

444 2541 470 2586 ¹)
499 2541 597 2577 Cum
627 2542 683 2578 his
705 2542 828 2578 verbis
850 2542 980 2578 confer
1002 2543 1085 2586 141,
1113 2541 1175 2577 ubi
1197 2541 1244 2577 de
1269 2540 1475 2587 Agrippina
1497 2540 1637 2576 maiore
1658 2540 1810 2576 dicitur:

296 2599 377 2645 ipsa
418 2600 554 2646 insigni
594 2600 834 2646 fecunditata,
875 2602 1062 2647 praeclara
1101 2601 1289 2647 pudicitia,
1328 2601 1401 2637 iam
1442 2600 1564 2636 infans
1603 2599 1640 2635 in
1680 2600 1809 2636 castris

296 2659 460 2703 genitus,
488 2669 601 2704 quem
630 2660 776 2695 militari
798 2660 984 2696 vocabulo
1005 2660 1217 2705 Caligulam
1246 2659 1471 2705 apellabant.
1500 2680 1541 2683 -
1572 2659 1677 2693 Haec
1696 2658 1809 2693 verba

296 2727 379 2752 cum
417 2717 487 2752 illis
518 2718 655 2763 (X112)
689 2719 800 2764 plane
838 2721 1050 2764 congruunt
1089 2721 1124 2753 et
1157 2717 1369 2763 Caligulam
1404 2717 1441 2752 in
1475 2716 1603 2752 castris
1638 2716 1807 2761 genitum

295 2785 381 2810 esse
420 2775 541 2811 falso
579 2777 781 2812 tradiderat
822 2777 962 2812 Plinius
1006 2777 1123 2821 (Suet.
1163 2776 1282 2821 Calig.
1325 2777 1357 2811 8.
1396 2776 1459 2810 ubi
1500 2775 1607 2810 Plinii
1647 2774 1808 2809 narratio

296 2834 501 2879 refellitur).
544 2834 696 2878 Plinius,
724 2835 829 2870 cuius
856 2836 904 2870 de
931 2835 1038 2870 bellis
1059 2835 1287 2870 Germaniae
1314 2834 1415 2868 libris
1436 2834 1588 2869 Tacitus
1615 2834 1651 2867 in
1678 2833 1807 2878 primis

293 2893 485 2929 annalium
508 2893 610 2928 libris
632 2903 724 2928 usus
746 2895 812 2936 est,
834 2893 881 2928 de
902 2893 1050 2928 duabus
1072 2892 1288 2938 Agrippinis
1310 2892 1453 2927 eisdem
1477 2891 1599 2926 verbis
1623 2891 1807 2927 iudicavit,
