2090 3320
1035 217 1092 259 60

445 352 597 397 Primo
640 353 865 409 adspectu
911 353 997 398 etsi
1042 353 1262 407 videmus,
1311 366 1444 410 quam
1492 351 1654 396 similia
1693 364 1810 409 quae

302 423 489 467 Tacitus
522 422 605 467 Dio
639 423 891 468 Suetonius
924 428 1127 477 narrant,
1173 424 1288 469 inter
1319 439 1372 469 se
1404 424 1507 476 sint,
1546 428 1699 468 tamen
1733 423 1810 466 mi-

304 507 400 537 rum
435 497 520 546 est,
555 493 674 551 quod
707 493 893 539 Tacitus
936 498 1146 540 cometen
1180 495 1356 548 omittit,
1402 494 1533 539 cuius
1573 493 1615 537 in
1655 493 1811 551 primis

303 564 385 608 Dio
420 568 464 608 et
496 563 747 609 Suetonius
780 565 1056 610 mentionem
1089 566 1275 618 faciunt,
1324 579 1380 610 ac
1412 565 1531 622 quod
1565 564 1809 608 maximum

303 636 433 687 valet,
468 634 651 687 Plinius,
686 636 806 693 apud
831 650 965 693 quem
990 640 1063 681 est
1087 638 1196 694 (nat.
1220 637 1322 680 hist.
1349 635 1550 692 1125,94):
1586 634 1812 695 [comet-es

302 706 530 762 apparuit)
565 705 607 749 in
641 710 801 751 nostro
842 720 957 751 aevo
995 707 1116 751 circa
1148 706 1433 759 veneficium,
1472 719 1560 762 quo
1596 705 1812 750 Claudius

304 774 479 819 Caesar
511 776 747 832 imperium
782 776 959 834 reliquit
991 776 1186 821 Domitio
1219 776 1402 820 Neroni.
1437 802 1491 807 —
1527 775 1697 820 Crinita
1735 776 1811 833 igi·

301 849 375 889 tur
407 846 479 889 illa
512 846 749 891 videbatur
782 848 905 891 circa
937 850 1120 904 tempus
1145 847 1305 891 mortis
1330 846 1516 897 Claudii,
1550 846 1574 890 i.
1599 859 1637 890 e.
1663 845 1811 890 medio
1889 905 1893 908 ἢ

303 930 462 960 mense
510 917 713 961 Octobri·
733 918 762 972 ¹)
825 918 1012 961 Tacitus
1060 921 1212 961 autem
1262 921 1487 973 portenta,
1541 930 1658 972 quae
1706 920 1812 960 ante

304 986 521 1043 principis
554 990 746 1030 mortem
792 988 860 1030 vel
909 987 1045 1031 etiam
1093 1000 1210 1043 quae
1249 986 1404 1044 primis
1437 987 1674 1032 mensibus
1707 986 1811 1030 anni

303 1058 374 1100 54.
408 1058 654 1100 observata
688 1060 808 1109 sunt,
842 1058 1138 1101 enumeravit.
1204 1057 1422 1101 Cometen
1456 1056 1602 1114 igitur,
1648 1056 1812 1113 quippe

303 1141 420 1183 quae
454 1141 534 1184 pro
568 1131 732 1171 natura
766 1127 880 1171 caeli
916 1127 1051 1172 italici
1085 1128 1207 1172 initio
1241 1129 1421 1171 demum
1448 1127 1650 1171 autumni
1674 1141 1812 1183 appa-

303 1211 405 1242 rere
439 1210 494 1241 ac
528 1196 731 1254 conspici
771 1202 944 1254 posset,
991 1211 1091 1242 eam
1130 1198 1188 1242 ob
1229 1211 1418 1241 causam
1457 1197 1578 1241 haud
1617 1197 1714 1241 scio
1754 1210 1811 1240 an

304 1268 521 1311 omiserit.
587 1268 838 1324 Utcumque
887 1273 972 1322 est,
1024 1269 1139 1312 satis
1191 1268 1379 1313 Tacitus
1431 1268 1528 1311 Dio
1563 1267 1813 1312 Suetonius

304 1338 420 1381 inter
452 1350 505 1381 se
538 1337 844 1390 consentiunt,
879 1342 927 1382 ut
959 1339 1235 1383 concludere
1268 1337 1402 1382 liceat
1430 1337 1620 1381 Plinium
1655 1350 1812 1382 eorum

303 1408 448 1451 fuisse
502 1413 750 1452 auctorem.
769 1412 801 1461 2)
866 1409 959 1453 Sed
1027 1413 1210 1465 praeter
1266 1408 1455 1452 Plinium
1520 1408 1706 1452 Tacitus
1770 1407 1812 1450 in

305 1478 577 1522 enarrandis
609 1478 746 1522 huius
779 1479 885 1522 anni
922 1479 1062 1522 rebus
1107 1478 1241 1522 alium
1275 1482 1510 1522 auctorem
1556 1478 1643 1531 (vel
1682 1477 1813 1529 alios)

304 1551 495 1591 secutus
529 1552 613 1601 est,
647 1548 766 1604 quod
800 1548 934 1592 facile
967 1548 1254 1605 perspicitur,
1288 1548 1326 1592 si
1361 1548 1416 1591 de
1449 1551 1595 1591 morte
1627 1546 1813 1599 Claudii,

303 1631 420 1674 quae
453 1631 480 1661 a
512 1618 669 1663 Tacito
703 1618 925 1662 Suetonio
970 1618 1114 1662 Dione
1149 1617 1290 1661 Plinio
1332 1617 1584 1670 traduntur,
1631 1629 1814 1673 compa·

303 1702 473 1732 ramus.
527 1689 677 1745 Atque
710 1702 736 1732 a
768 1688 926 1732 Dionis
959 1689 1219 1733 narratione
1255 1688 1601 1746 proficiscimur,
1636 1701 1692 1731 ex
1725 1700 1814 1744 qua

303 1759 532 1814 quomodo
585 1758 757 1802 Plinius
816 1762 1007 1803 mortem
1059 1759 1231 1804 Claudii
1287 1758 1594 1814 descripserit,
1648 1759 1815 1814 optime

303 1829 498 1886 perspici
533 1829 895 1886 possevidetur.
961 1828 1044 1873 Dio
1080 1828 1152 1872 LX
1170 1830 1227 1872 34
1260 1831 1284 1884 §
1318 1830 1368 1872 4:
1418 1829 1637 1873 Narcisso
1672 1827 1813 1873 refici‘

303 1899 434 1943 endis
496 1899 667 1943 viribus
731 1899 1005 1944 Sinuessam
1070 1899 1349 1956 Campaniae
1412 1901 1617 1956 profecto
1680 1901 1722 1953 (ξ
1770 1900 1814 1952 2)

305 1969 551 2025 Agrippina
586 1969 822 2013 Claudium
868 1983 1044 2012 veneno
1091 1982 1116 2012 e
1148 1969 1296 2012 medio
1338 1971 1495 2013 tollere
1528 1969 1712 2012 studuit.
1777 1970 1814 2011 A

304 2039 502 2082 Locusta
534 2039 656 2082 virus
690 2043 878 2095 paratur
910 2043 1048 2095 atque
1084 2039 1337 2083 delectabili
1371 2040 1520 2083 boleto
1554 2038 1814 2083 infunditur.

305 2109 409 2165 lpsa
442 2109 690 2166 Agrippina
723 2122 868 2153 cenae
901 2109 1135 2161 intererat,
1170 2113 1275 2166 post
1307 2106 1442 2166 quam
1477 2108 1695 2154 Claudius
1727 2122 1816 2165 qua

304 2183 404 2223 erat
437 2179 770 2224 consuetudine
812 2180 964 2224 ebrius
1011 2193 1035 2223 e
1079 2179 1256 2224 triclino
1295 2180 1584 2224 efferebatur.
1648 2180 1815 2223 Eadem

305 2254 441 2294 nocte
475 2255 684 2294 mortuus
717 2254 802 2294 est.
1362 2287 1365 2290 ,

449 2320 565 2363 Nihil
601 2321 642 2363 in
677 2321 765 2363 hac
798 2320 989 2377 simplici
1024 2319 1284 2363 narratione
1308 2324 1380 2363 est
1412 2320 1467 2363 de
1490 2319 1654 2363 Haloto
1687 2333 1815 2376 prae‘

303 2395 556 2447 gustatore,
612 2390 716 2433 nihil
772 2391 827 2433 de
882 2390 1187 2446 Xenophonte
1240 2390 1431 2441 medico,
1449 2393 1481 2441 3)
1541 2390 1613 2445 qui
1672 2389 1819 2432 altero

303 2474 480 2505 veneno
534 2460 857 2518 imperatorem
910 2461 1154 2504 necavisse
1207 2460 1379 2504 dicitur.
1442 2459 1628 2505 Tacitus
1685 2459 1818 2518 igitur

302 2536 380 2575 aut
414 2531 684 2575 uberiorem>
707 2533 1015 2575 narrationem
1040 2532 1195 2575 habuit
1228 2544 1362 2587 quam
1390 2531 1470 2574 Dio
1504 2535 1583 2574 aut
1612 2532 1815 2582 alteram,

450 2650 476 2693 ¹)
507 2650 678 2685 Excessit
710 2649 895 2685 Claudius
929 2660 961 2685 a.
998 2649 1033 2687 d.
1072 2649 1132 2684 lll.
1171 2648 1209 2684 ld
1237 2648 1390 2684 Octobr.
1430 2647 1546 2692 (Suet.
1584 2647 1718 2684 Claud.
1752 2649 1818 2691 45;

302 2714 458 2757 Seneca,
488 2710 795 2759 Ἀποκολοκ.2)

447 2779 476 2822 2)
506 2779 646 2814 Ultima
672 2779 874 2824 praecipue
900 2778 1015 2813 Taciti
1051 2780 1087 2813 et
1115 2777 1250 2812 Dionis
1285 2777 1398 2812 verba
1432 2777 1482 2812 ita
1517 2778 1740 2822 congruunt,
1779 2778 1819 2811 ut

303 2837 349 2872 ad
378 2836 535 2872 verbum
564 2847 611 2872 ex
639 2836 767 2882 lingua
796 2836 922 2872 Latina
950 2836 986 2871 in
1013 2835 1198 2871 Graecam
1229 2835 1404 2871 translata
1430 2835 1636 2870 videantur.

449 2897 479 2940 3)
509 2906 622 2941 quem
654 2895 816 2940 (X1161)
845 2895 1020 2930 laudibus
1047 2895 1128 2940 ipse
1155 2895 1330 2940 princeps
1357 2894 1571 2929 extollebat.
