2090 3320
1021 224 1078 266 30

290 358 562 403 Germaniae
595 360 676 404 XX
700 362 839 404 libros
862 362 892 417 ¹)
927 362 1178 418 scripsisse
1211 362 1351 406 Taciti
1385 362 1621 405 familiaris
1655 361 1797 404 Plinii-

288 443 375 485 que
407 430 527 473 filius
561 432 808 488 adoptatus
841 432 978 475 tradit
1013 433 1131 489 (epp.
1169 432 1217 476 lll
1243 433 1270 476 5
1293 432 1343 488 4).
1392 431 1560 475 Plinius
1588 432 1643 476 de
1667 430 1799 475 bellis

289 513 434 556 usque
487 501 543 544 ad
598 503 666 545 47.
728 515 896 545 annum
918 504 950 556 2)
1006 503 1152 559 gestis
1198 502 1397 559 scripsit.
1464 502 1563 545 Ηοο
1619 502 1798 559 quidem

289 571 506 614 Nuenzer
543 572 778 616 contendit
798 573 830 627 3)
895 573 963 616 Ab
1004 585 1126 616 anno
1161 576 1313 616 autem
1352 572 1421 615 48.
1463 572 1587 615 Plinii
1630 573 1667 615 A
1705 573 1798 615 fine

287 641 450 683 Aufidii
485 641 619 685 Bassi
653 642 748 685 libri
782 642 953 685 initium
987 643 1186 699 capiunt,
1221 646 1268 685 ut
1302 642 1418 685 idem
1452 654 1603 685 annus
1635 641 1797 685 47.!48.

286 711 391 754 finis
431 716 559 756 esset
598 713 824 756 Aufidiani
864 713 1018 769 operis
1059 712 1276 768 Pliniique
1317 712 1530 755 librorum
1572 713 1627 756 de
1666 712 1799 755 bellis

287 780 573 827 Germaniae.
640 782 782 827 Facile
815 783 948 840 igitur
990 785 1153 826 auctor
1187 780 1408 826 naturalis
1441 781 1660 826 historiae
1695 795 1793 839 perf

287 854 457 897 moveri
501 854 658 910 potuit,
706 858 753 897 ut
794 855 912 897 illum
958 854 1116 897 librum
1162 853 1402 905 scriberet,
1447 865 1536 908 quo
1579 856 1622 895 et
1665 865 1798 896 suum

287 936 405 980 opus
438 927 482 968 et
512 924 676 968 Aufidii
711 925 1020 969 continuaret:
1056 923 1252 980 Scripsit
1286 923 1425 966 libros
1457 936 1485 966 a
1517 923 1609 966 fine
1633 923 1798 967 Aufidii

288 994 436 1046 Bassi,
482 995 704 1051 incipiens
750 996 806 1039 ab
850 995 920 1038 48.
967 1007 1103 1038 anno.
1168 994 1300 1042 Quae
1327 994 1378 1036 si
1422 992 1482 1036 ita
1521 1005 1573 1037 se
1615 993 1798 1045 habent,

287 1065 580 1120 perspicuum
622 1070 708 1117 est,
758 1079 840 1109 cur
879 1064 976 1117 Dio,
1026 1065 1099 1107 ubi
1148 1064 1452 1108 Corbulonem
1494 1063 1709 1114 nominat,
1755 1067 1800 1107 et

284 1134 471 1178 Tacitus
506 1135 810 1179 consentiant.
878 1135 1027 1179 Facile
1058 1134 1241 1191 cognitu
1287 1137 1359 1177 est
1393 1134 1479 1178 hos
1519 1133 1635 1177 duos
1669 1134 1799 1177 locos

284 1205 390 1248 Tac.
425 1206 480 1248 xl
506 1207 563 1249 20
596 1211 641 1250 et
676 1206 757 1250 Dio
782 1206 853 1249 LX
877 1207 981 1249 30..
1018 1218 1074 1248 ex
1108 1204 1269 1247 eodem
1302 1203 1549 1259 exemplari
1586 1208 1799 1259 sumptos

287 1288 408 1327 esse,
444 1276 481 1319 si
516 1289 599 1319 eos
633 1277 841 1320 confers:

286 1345 384 1381 Nihil
435 1347 535 1382 alind
596 1347 814 1392 prolocutus
871 1357 1002 1392 quam:

284 1404 441 1446 „beatos
480 1404 674 1449 quondam
713 1406 829 1440 duces
870 1404 1003 1442 Roma:

284 1464 389 1506 nos“‚
418 1462 567 1509 signum
597 1463 760 1508 receptui
787 1462 1003 1498 dedit....·

284 1525 322 1556 ut
361 1524 486 1556 lamen
528 1522 634 1556 miles
674 1522 790 1556 otium
838 1523 1004 1563 exueret,

285 1580 379 1613 inter
417 1579 567 1614 Mosam
611 1578 859 1624 Rhenumque
895 1579 1002 1614 trium

285 1639 320 1671 et
357 1637 484 1682 viginti
525 1637 667 1672 milium
705 1638 827 1683 spatio
860 1637 1003 1672 fossam

284 1695 469 1739 perduxit,
497 1706 571 1740 qua
593 1696 731 1730 incerta
752 1695 895 1730 Oceani
917 1695 1004 1730 vita-

284 1755 419 1788 rentur.
466 1753 614 1799 insigne
653 1756 778 1789 tamen
827 1753 1004 1799 triumphi

282 1811 436 1846 indulsit
468 1811 622 1854 Caesar,
664 1812 837 1856 quamvis
863 1811 1003 1846 bellum

282 1869 508 1914 negavisset.

1071 1348 1082 1361 ⁶
1093 1346 1130 1387 Ο
1145 1346 1318 1399 Κορβού
1330 1346 1415 1386 λων
1423 1345 1641 1399 ἐπανῆλθε,
1653 1350 1799 1386 τοσοῦ-

1075 1422 1144 1445 τον
1176 1405 1309 1458 μόνον
1331 1403 1639 1457 ἀναβοήσας-’ὧ
1660 1406 1798 1457 μακά-

1076 1481 1155 1516 ριοι
1189 1464 1229 1504 οἳ
1270 1463 1395 1503 πάλαι
1434 1463 1533 1503 ποτὲ
1576 1464 1799 1516 στρατηγή-

1076 1538 1216 1566 σαντες
1247 1555 1420 1561 ......
1456 1522 1720 1573 διετάφρευσε
1761 1522 1803 1561 ὃί

1077 1582 1215 1621 αὐτῶν
1258 1583 1341 1620 πᾶν
1383 1580 1427 1620 τὸ
1465 1579 1618 1633 μεταξὺ
1655 1584 1727 1620 τοῦ
1760 1596 1800 1621 τε

1072 1639 1227 1692 Ῥήνου
1245 1639 1312 1679 καὶ
1335 1643 1407 1679 τοῦ
1425 1638 1591 1684 Μόσου,
1609 1640 1801 1683 σταδίους

1076 1698 1366 1750 ἑβδομήκοντα
1382 1713 1450 1736 και
1460 1696 1606 1736 ἑκατὸν
1612 1697 1797 1749 μάλιστα,

1075 1757 1138 1796 ἵνα
1170 1756 1229 1809 μὴ
1275 1757 1315 1796 οἷ
1358 1756 1540 1808 ποταμοὶ
1572 1756 1614 1795 ἓν
1647 1760 1694 1808 τῇ
1726 1760 1798 1795 τοῦ

1076 1815 1269 1854 ὠκεανοῦ
1331 1814 1555 1866 πλημυρίὸι
1620 1814 1797 1865 ἀναρρὲ-

1076 1888 1188 1917 οντες
1235 1872 1506 1924 πελαγίζωσιν
1531 1905 1673 1911 .....
1717 1876 1800 1912 τῶν

1072 1932 1212 1984 μέντοι
1245 1931 1453 1971 ἐπινικίων
1474 1930 1542 1970 καὶ
1566 1931 1627 1975 ὣς
1650 1932 1801 1984 ἔτυχεν

422 1998 525 2045 Quo
559 1998 753 2041 consilio
788 2000 903 2042 haec
936 2000 1067 2042 fossa
1095 1999 1317 2056 perducta
1351 1999 1421 2052 sit,
1457 2000 1639 2055 paulum
1673 1999 1789 2042 inter

279 2082 331 2111 se
366 2069 581 2112 differunt
614 2073 846 2121 auctores,
881 2070 921 2112 id
956 2071 1075 2125 quod
1110 2070 1312 2126 inprimis
1340 2070 1467 2113 Dioni
1501 2070 1788 2113 tribuendum

280 2151 389 2181 esse
423 2143 650 2194 putamus.
697 2139 788 2182 Sed
824 2153 941 2196 quae
976 2140 1132 2196 primis
1165 2145 1209 2183 et
1234 2139 1399 2183 ultimis
1424 2140 1577 2183 verbis
1602 2152 1792 2183 narran-

279 2213 365 2260 tur,
400 2210 560 2252 melius
594 2210 635 2252 in
660 2222 921 2253 sermonem
947 2210 1176 2254 Graecum
1202 2224 1290 2254 non
1316 2214 1512 2265 possunt
1536 2209 1791 2253 transferri.

279 2278 484 2330 Accedit,
530 2280 648 2334 quod
684 2279 854 2322 Plinius
887 2292 1008 2322 anno
1042 2280 1112 2323 47.
1153 2293 1255 2323 cum
1298 2278 1556 2323 Corbulone
1596 2279 1637 2322 in
1686 2278 1797 2322 Ger-

279 2348 476 2391 maniam
522 2349 706 2393 venisse
751 2349 927 2392 videtur
970 2350 1219 2403 <Muenzer,
1264 2350 1287 2392 l.
1332 2351 1386 2402 s.)
1433 2348 1609 2392 Nemini
1662 2349 1795 2406 igitur

275 2422 369 2462 tam
408 2419 542 2463 facile
577 2424 677 2464 erat
711 2420 812 2476 ipsa
838 2419 1114 2464 Corbulonis
1146 2420 1286 2464 verba
1320 2420 1568 2464 memoriae
1602 2420 1798 2476 prodere

280 2504 416 2547 quam
451 2490 606 2534 Plinio.

424 2608 451 2653 ¹)
479 2608 649 2643 Tacitum
692 2608 765 2643 hoc
803 2608 910 2643 Plinii
946 2618 1063 2653 opere
1098 2619 1208 2643 usum
1252 2619 1337 2645 esse
1373 2609 1409 2644 in
1443 2608 1572 2654 primis
1608 2609 1797 2644 annalium

281 2667 384 2703 libris
410 2669 577 2712 apparet,
611 2666 713 2702 velut
746 2667 776 2702 si
811 2666 1087 2712 comparaveris
1120 2667 1207 2702 Tac.
1236 2667 1247 2702 l
1275 2668 1314 2702 41
1347 2669 1383 2702 et
1410 2667 1509 2703 Suet.
1538 2666 1648 2713 Calig
1673 2668 1705 2702 8.
1735 2667 1798 2713 (de

277 2726 375 2770 loco,
405 2725 468 2761 ubi
496 2724 670 2770 Caligula
697 2726 807 2761 natus
835 2725 909 2770 sit).

424 2785 453 2828 2)
481 2783 526 2819 cf.
555 2793 641 2828 pag.
668 2784 702 2827 8,
730 2783 859 2819 adnot.

419 2843 448 2887 ³)
480 2842 550 2877 Die
578 2840 715 2883 Quelle
748 2842 817 2877 des
853 2842 1004 2878 Tacitus
1039 2841 1098 2877 fiir
1132 2842 1193 2878 die
1227 2841 1577 2889 Germanenkriege
1612 2842 1796 2888 (Annales

285 2901 510 2937 Bonnenses
540 2900 631 2935 1899
658 2910 744 2946 pag.
772 2900 845 2945 78.)
