2090 3320
848 508 1018 565 Caput
1053 511 1288 554 alterum.

502 590 576 634 De
610 590 911 635 auctoribus
945 591 1195 636 undecimi
1230 592 1486 636 annalium
1521 592 1650 636 libri.

462 717 586 762 initio
619 718 753 762 huius
786 718 881 763 libri
914 719 1098 763 Tacitus
1132 733 1321 763 causam
1356 724 1401 763 et
1434 724 1627 764 mortem
1661 720 1821 764 Valerii

316 788 505 832 Asiatici
554 788 703 832 tradit.
786 789 920 833 Tales
969 790 1253 847 cognitiones
1301 793 1487 834 secreto
1536 790 1578 833 in
1629 789 1821 833 aedibus

316 860 601 915 imperatoris
647 861 826 903 habitas
866 874 985 911 esse,
1026 857 1125 903 aliis
1164 860 1277 903 locis
1316 861 1580 915 accepimus
1598 864 1642 912 ¹).
1707 860 1821 902 Nihil

316 932 400 980 est,
449 929 566 972 unde
605 941 693 985 quo
736 933 923 973 auctore
962 930 1157 986 scriptor
1195 943 1309 973 usus
1353 930 1425 981 sit,
1475 929 1820 980 concludamus,

316 999 400 1041 nisi
434 999 552 1054 quod
593 1012 695 1042 cum
727 999 867 1043 Dione
907 1014 995 1043 non
1031 1001 1258 1044 consentit
1301 1004 1344 1043 et
1376 1004 1610 1043 auctorem
1648 1002 1821 1044 Messa-

314 1070 430 1113 linae
468 1069 693 1113 inimicum
736 1070 880 1113 fuisse
925 1070 1113 1126 saepius
1155 1070 1461 1127 cognoscitur.
1525 1070 1658 1127 Apud
1698 1070 1820 1114 Taci‘

315 1143 408 1181 tum
448 1140 649 1182 Valerius
696 1143 879 1195 propter
922 1140 1148 1190 lacrimas,
1192 1141 1312 1195 apud
1353 1140 1541 1182 Dionem
1560 1144 1593 1191 2)
1637 1145 1819 1196 propter

316 1210 453 1251 risum
498 1222 667 1260 eorum,
717 1210 788 1264 qui
832 1222 889 1251 ex
931 1209 1120 1253 consilio
1164 1209 1381 1252 Caesaris
1426 1209 1628 1260 aderant,
1676 1223 1821 1265 paene

315 1278 554 1322 absolutus
587 1291 695 1322 esse
728 1277 900 1322 dicitur.
965 1277 1175 1323 Ceterum
1210 1278 1313 1321 nihil
1347 1277 1422 1322 his·
1457 1277 1636 1322 duabus
1670 1292 1821 1322 narra-

315 1347 528 1391 tiunculis
561 1348 675 1391 inter
706 1360 758 1390 se
792 1360 1033 1391 commune
1065 1352 1155 1391 est:
1192 1348 1386 1403 Uterque
1412 1352 1563 1390 autem
1588 1353 1821 1409 auct-orem

315 1422 505 1461 secutus
538 1421 622 1470 est,
657 1417 729 1475 qui
763 1431 880 1475 quae
913 1418 954 1460 in
989 1417 1163 1461 Palatio
1187 1421 1319 1474 gesta
1342 1423 1462 1470 sunt,
1498 1419 1612 1461 bene
1636 1418 1822 1462 noverit.

317 1489 601 1545 Cogitaveris
641 1489 697 1531 de
734 1488 922 1531 Servilio
962 1488 1184 1539 Noniano,
1234 1488 1307 1544 qui
1347 1502 1374 1530 a
1412 1489 1568 1531 Tacito
1590 1493 1622 1542 3)
1672 1489 1822 1546 magni

314 1558 585 1603 aestimatus
653 1559 747 1611 „vir
799 1558 1055 1602 consularis
1108 1558 1349 1602 annalibus
1401 1559 1499 1603 suis
1553 1559 1822 1611 inseruit‘⁴⁴)

317 1641 433 1683 quae
481 1628 657 1671 Tiberio
704 1628 906 1671 Caesare
953 1628 1072 1670 vidit.
1138 1629 1257 1670 ldem
1311 1629 1430 1684 apud
1487 1629 1723 1672 Claudium
1780 1629 1822 1671 in

315 1711 495 1741 summo
529 1699 701 1742 honore
735 1702 844 1751 erat,
867 1703 898 1752 5)
933 1702 981 1742 ut
1013 1698 1113 1741 sine
1146 1698 1280 1742 dubio
1305 1712 1329 1742 e
1360 1698 1550 1742 consilio
1575 1699 1673 1742 eius
1697 1703 1824 1743 esset

315 1768 574 1825 talibusque
624 1768 780 1812 causis
831 1769 1089 1812 interesset.
1154 1768 1391 1812 Putaveris
1449 1770 1584 1813 etiam
1640 1772 1825 1826 propter

317 1838 571 1882 inimicitias
616 1839 658 1882 in
702 1839 996 1882 Messalinam
1036 1839 1109 1882 hic
1151 1840 1505 1884 commentarios
1546 1840 1824 1897 Agrippinae

315 1908 485 1953 fontem
519 1909 659 1953 Taciti
692 1911 859 1961 fuisse;
908 1910 990 1953 sed
1032 1923 1137 1953 num
1171 1910 1228 1953 ad
1263 1910 1419 1954 Dionis
1452 1915 1659 1966 tempora
1693 1911 1823 1954 dura-

316 1980 471 2031 verint,
515 1979 788 2023 dubitamus.
852 1979 975 2028 Quot
1014 1983 1250 2023 auctorum
1297 1981 1493 2033 nomina,
1542 1985 1608 2025 tot
1647 1982 1823 2025 coniec‘

314 2054 456 2092 turae.
523 2050 566 2092 ln
601 2050 735 2092 dubio
770 2050 902 2105 igitur
934 2063 1008 2092 res
1042 2051 1175 2092 nobis
1208 2051 1503 2105 relinquenda
1536 2055 1622 2094 est.

462 2119 507 2162 ln
541 2119 626 2172 illa,
660 2133 777 2175 quae
809 2120 1013 2175 sequitur
1044 2133 1188 2163 causa
1222 2123 1477 2164 enarranda
1500 2121 1685 2164 Tacitus
1718 2122 1826 2165 duo·

318 2190 403 2232 bus
436 2190 505 2232 vel
540 2189 740 2246 pluribus
774 2190 1037 2232 auctoribus
1071 2202 1185 2232 usus
1219 2195 1303 2233 est.
1350 2191 1503 2234 Multis
1536 2191 1687 2234 verbis
1720 2191 1825 2233 dicit

316 2261 371 2303 de
415 2260 649 2303 Petrarum
694 2255 892 2312 crimine,
942 2261 1061 2316 quod
1105 2274 1186 2303 cur
1227 2264 1319 2304 tam
1363 2260 1598 2317 diligenter
1644 2262 1822 2313 referat,

315 2329 389 2373 vix
420 2329 702 2388 intellegitur.
757 2330 868 2375 Post
895 2330 1080 2374 Tacitus
1113 2330 1173 2374 ita
1207 2330 1369 2388 pergit:
1404 2330 1675 2375 Sestertium
1700 2331 1824 2388 quin-

317 2401 471 2444 decies
520 2405 564 2444 et
608 2401 800 2458 insigma
846 2406 1087 2457 praeturae
1137 2401 1344 2457 Crispino
1387 2404 1585 2444 decreta.
1650 2402 1826 2446 Adiecit

316 2470 520 2515 Vitellius
553 2471 814 2515 sestertium
854 2471 1009 2515 decies
1048 2471 1244 2516 Sosibio.
1310 2472 1513 2529 Rogatus
1552 2473 1824 2516 sententiam

317 2545 361 2585 et
408 2542 563 2598 Scipio
612 2542 759 2595 (cuius
806 2544 945 2585 verba
997 2542 1202 2586 oratione
1252 2548 1377 2586 recta
1431 2543 1717 2596 referuntur).
1771 2570 1825 2573 —

462 2671 489 2717 Ι)
518 2672 749 2716 Mommsen,
776 2671 1003 2707 Staatsrecht
1030 2673 1115 2707 1112
1141 2684 1227 2718 pag.
1253 2674 1322 2708 904
1349 2673 1476 2708 adnot.
1508 2674 1535 2707 l.

460 2731 490 2775 2)
520 2730 593 2777 Dio
622 2730 681 2765 LX
697 2732 742 2766 29
767 2731 871 2766 4——6.

462 2790 490 2834 ³)
519 2789 653 2825 Annal.
680 2789 767 2824 XIV
783 2790 826 2825 19
855 2788 1038 2836 Dialogus
1065 2792 1121 2826 23.

461 2848 491 2893 4)
518 2848 618 2884 Suet.
647 2848 726 2883 Tib.
754 2848 810 2883 61.

467 2907 495 2953 ⁵)
526 2906 617 2943 Plin.
645 2918 729 2955 epp.
759 2907 831 2944 113
845 2921 873 2943 3.
