2090 3320
997 186 1048 229 51

264 326 452 383 saepius
484 325 540 369 ad
574 324 759 368 verbum
793 335 896 367 cum
929 322 982 366 iis
1015 335 1132 380 quae
1158 325 1266 366 sunt
1288 321 1330 365 in
1355 321 1445 365 vita
1470 320 1768 379 „Agricolae“

265 395 484 454 congruit.
549 417 560 421 -

405 466 533 510 Nova
581 468 799 520 certaque
842 464 1095 520 reperimus
1140 464 1346 521 vestigia,
1401 476 1503 507 cum
1553 476 1670 519 quae
1716 463 1771 506 de

263 537 380 581 bello
428 548 530 579 cum
580 533 821 586 Carataco,
878 534 1196 577 Britannorum
1252 546 1373 591 rege,
1428 537 1561 590 gesto
1618 534 1771 583 refert,

264 610 619 664 perscrutamur.
683 604 785 653 Quo
819 609 954 661 capto
989 604 1268 661 Romamque
1308 605 1445 648 ducto
1480 604 1657 648 Caesar
1690 617 1765 660 po‘

263 678 415 735 pulum
457 676 513 720 ad
553 676 728 733 insigne
766 679 901 719 vocat
938 676 1272 732 spectaculum:
1318 675 1497 719 Stetere
1541 674 1583 717 in
1629 674 1769 717 armis

262 747 518 804 praetoriae
553 748 767 790 cohortes
800 759 977 803 campo,
1024 747 1096 802 qui
1139 750 1294 790 castra
1334 745 1576 802 praeiacet.
1642 745 1769 789 Tunc

261 818 427 862 fratres
459 820 503 861 et
532 816 728 861 coniunx
752 820 796 861 et
817 816 920 870 filia,
954 820 1188 874 postremo
1213 815 1469 861 Caratacus
1495 814 1592 872 ipse
1615 820 1767 859 osten*

260 891 397 939 tatus,
432 888 503 943 qui
538 887 610 930 ubi
643 887 850 929 tribunali
883 887 1068 938 adstitit,
1115 887 1157 929 in
1202 889 1323 929 hunc
1368 888 1550 929 modum
1585 888 1765 928 locutus

261 961 332 1001 est
356 991 534 1001 ......
598 956 767 1000 Eadem
802 956 857 1000 de
890 970 937 1000 re
970 957 1090 1013 apud
1125 956 1314 1001 Dionem
1349 956 1527 1014 (Xiphil.
1562 956 1632 1000 ed.
1664 955 1767 999 Din‘

260 1027 373 1070 dorf.
407 1027 458 1071 V.
493 1039 595 1084 pag.
627 1026 710 1082 191)
744 1027 965 1083 scriptum
1004 1027 1230 1070 Videmus:
1269 1028 1371 1069 ‘'Ore
1408 1032 1491 1068 τῶν
1524 1028 1767 1079 Βρεττανῶν

259 1100 282 1138 ὁ
314 1100 457 1152 ἄρχων
492 1099 711 1153 Καρτάκης
742 1100 1007 1152 κατασχεθεὶς
1039 1101 1093 1144 εἷς
1119 1099 1294 1153 “Ρώμην
1328 1100 1579 1152 ἀνεπέμφθη
1603 1100 1762 1140 ’ὅντινα

258 1170 321 1209 ἐπὶ
361 1170 550 1223 βήματος
593 1170 616 1209 ὁ
663 1169 868 1215 Κλαύδιος
910 1170 1102 1223 χλαμύδα
1145 1173 1295 1223 φορῶν
1339 1171 1558 1223 εἷςήγαγεν.
1606 1171 1652 1214 ὃς
1695 1171 1764 1210 καὶ

258 1240 506 1292 συγγνώμης
537 1240 651 1291 ἔτυχε
682 1239 756 1278 σὺν
786 1244 939 1292 γαμετῇ
970 1240 1040 1279 καὶ
1071 1244 1154 1284 τοῖς
1183 1240 1319 1279 παισὶν
1351 1241 1393 1279 ἕν
1423 1240 1577 1292 Ἰταλίᾳ
1598 1240 1764 1292 διάγων.

400 1307 500 1351 Non
534 1311 606 1351 est
638 1307 947 1360 dubitandum,
993 1308 1096 1364 quin
1131 1307 1213 1352 Dio
1247 1308 1289 1351 in
1323 1308 1390 1352 eis
1430 1308 1503 1364 qui
1538 1308 1764 1365 perierunt

257 1376 381 1420 libris
414 1378 502 1420 hac
545 1377 600 1420 de
645 1390 694 1419 re
733 1378 861 1432 plura
903 1377 1151 1421 tradiderit.
1216 1378 1308 1421 Sed
1352 1391 1469 1433 quae
1514 1383 1764 1434 supersunt

258 1460 406 1504 pauca
450 1447 664 1491 sufficere
703 1447 923 1500 videntur,
969 1451 1017 1491 ut
1055 1447 1385 1491 concludamus
1424 1448 1618 1491 eundem
1658 1461 1763 1491 auc-

255 1522 401 1561 torem
433 1517 586 1561 Tacito
618 1517 764 1562 fuisse
797 1522 933 1574 atque
969 1517 1111 1562 Dioni.
1167 1518 1327 1561 Verbis
1362 1517 1573 1562 Carataci
1607 1519 1763 1562 relatis

257 1589 377 1645 apud
424 1588 629 1632 Tacitum
678 1588 897 1645 scriptum
952 1588 1163 1645 legimus:
1218 1587 1511 1645 Agrippinam
1567 1602 1762 1645 quoque,

256 1659 376 1702 haud
422 1661 577 1715 procul
623 1659 709 1703 alio
760 1663 981 1716 suggestu
1032 1660 1344 1716 conspicuam,
1398 1659 1542 1703 isdem
1598 1661 1762 1715 quibus

256 1728 501 1785 principem
535 1729 743 1773 laudibus
774 1729 1070 1786 gratibusque
1093 1730 1295 1774 venerati
1328 1734 1448 1773 sunt.
1488 1756 1543 1760 —-
1583 1730 1761 1778 Quibus

256 1800 406 1851 rebus,
440 1812 557 1855 quae
591 1800 645 1842 de
679 1799 951 1846 naumachia
984 1800 1026 1843 in
1062 1794 1182 1843 Lacu
1217 1800 1382 1844 Fucino
1414 1801 1538 1844 tacta
1570 1801 1758 1844 Tacitus

255 1873 299 1913 et
334 1869 415 1913 Dio
449 1873 494 1913 et
527 1869 775 1914 Suetonius
808 1869 1006 1923 tradunt,
1040 1870 1270 1914 addimus:
1304 1870 1405 1914 Tac.
1439 1870 1603 1914 Xll56.
1659 1871 1760 1927 lpse

255 1939 472 1984 Claudius
524 1940 686 1997 insigni
737 1940 1059 1997 paludamento
1109 1954 1255 1998 neque
1311 1943 1465 1998 procul
1512 1941 1759 1999 Agrippina

255 2010 492 2066 chlamyde
526 2014 687 2054 aurata
721 2011 1014 2067 praesedere.
1065 2011 1146 2055 Dio
1181 2012 1253 2055 LX
1270 2013 1357 2055 333
1394 2016 1418 2067 ἥ
1447 2031 1486 2054 τε
1507 2015 1758 2067 ἰξίγριππῑνα

252 2082 430 2136 χλαμύδι
463 2084 675 2137 διαχρυσῴ
706 2084 939 2137 ἐκοσμήθη.

395 2151 461 2196 De
509 2152 670 2196 eodem
718 2154 984 2209 spectaculo
1031 2154 1167 2198 refert
1221 2154 1390 2198 Plinius
1410 2157 1439 2207 1)
1496 2158 1605 2207 (nat.
1654 2155 1757 2198 hist.

252 2222 546 2276 XXXlllsssse)
595 2222 691 2266 Nos
736 2223 927 2268 vidimus
971 2224 1264 2281 Agrippinam
1318 2225 1490 2269 Claudii
1542 2224 1759 2282 principis

251 2293 442 2336 sedente
487 2306 541 2336 eo
590 2294 763 2337 navalis
808 2294 962 2350 proelii
1007 2296 1322 2351 spectaculum
1376 2296 1661 2339 adsidentem
1714 2300 1759 2339 et

251 2361 452 2407 indutam
486 2363 808 2421 paludamento
842 2377 953 2409 auro
987 2364 1223 2409 textili

251 2432 317 2475 De
349 2433 479 2476 simili
511 2436 779 2490 spectaculo
812 2435 1061 2479 Suetonius
1093 2436 1250 2479 scribit
1284 2435 1458 2492 (Claud.
1492 2437 1576 2491 21):

251 2501 470 2547 Claudius
502 2504 733 2561 praesedit
765 2505 1023 2562 paludatus.

391 2573 557 2618 Omnia
589 2579 681 2619 tam
721 2575 941 2619 similibus
979 2578 1046 2620 vel
1093 2577 1265 2620 eisdem
1310 2577 1461 2621 verbis
1500 2583 1753 2629 narrantur,

251 2645 298 2686 ut
330 2644 494 2688 credas
527 2659 584 2689 ex
615 2659 705 2689 uno
739 2646 993 2704 eodemque
1026 2648 1137 2692 libro
1170 2652 1354 2706 sumpta
1387 2662 1508 2693 esse.
1575 2648 1754 2706 Cogita-

248 2714 367 2758 veris
400 2715 455 2759 de
500 2717 616 2760 actis
655 2717 839 2770 diurnis,
888 2718 931 2762 in
979 2719 1142 2776 quibus
1186 2720 1291 2764 talia
1335 2721 1604 2777 spectacula
1649 2720 1753 2777 quin

394 2810 420 2855 ¹)
450 2810 591 2848 Plinius
635 2813 752 2850 altero
796 2815 880 2851 loco
924 2814 971 2850 de
1016 2815 1097 2850 lacu
1143 2815 1282 2851 Fucino
1327 2815 1431 2851 dicit:
1480 2818 1553 2851 nat.
1600 2816 1754 2852 historia

248 2865 404 2904 XXXVI
424 2869 501 2906 124.

1549 2944 1593 2979 4*
