2090 3320
975 287 1014 289 --
1061 225 1114 267 22

319 361 501 405 Tacitus
544 375 663 405 unus
710 362 919 418 Crispino
968 362 1162 419 insignia
1212 363 1437 420 praetoria
1490 363 1674 407 decreta
1727 375 1835 406 esse

317 433 465 482 tradit,
521 445 610 487 qua
665 445 721 475 ex
770 445 817 475 re
874 433 978 488 quid
1028 434 1393 477 concludendum
1442 433 1502 477 sit
1552 433 1640 477 iam
1694 445 1834 489 supra

318 502 619 558 exposuimus
653 506 772 559 (pag.
807 503 885 555 19).
942 502 1045 551 Qua
1085 517 1132 547 re
1171 503 1209 548 si
1243 504 1360 549 satis
1393 504 1480 548 iam
1511 504 1679 548 habere
1703 502 1834 546 nobis

317 572 533 624 videmur,
584 585 664 615 cur
711 572 1058 616 fundamentum
1108 574 1241 617 huius
1291 575 1453 631 capitis
1494 578 1599 617 acta
1643 576 1835 616 senatus

315 643 459 686 fuisse
498 642 781 695 arbitremur,
829 644 869 687 id
903 644 1110 688 firmatur
1158 645 1308 689 verbis
1347 645 1589 702 ScipioniS,
1644 656 1761 700 quae
1808 656 1834 686 a

318 713 470 756 Tacito
515 714 697 756 inventa
738 727 846 757 esse
885 714 959 757 vix
998 716 1238 771 quisquam
1282 716 1517 771 putaverit.
1583 715 1627 757 ln
1673 714 1833 757 eodem

318 783 429 826 libro
477 783 688 839 repperit,
738 798 856 841 quae
898 785 954 828 de
997 785 1233 828 Petrarum
1277 785 1462 829 crimine
1500 784 1648 836 tradit,
1698 787 1835 839 atque

318 852 436 895 sicut
470 853 681 909 repperit,
717 853 777 896 ita
811 855 961 897 refert.
1024 854 1131 896 Tum
1165 854 1346 897 demum
1381 853 1516 904 addit,
1561 866 1678 908 quae
1711 852 1831 908 apud

317 923 433 967 alios
467 923 648 975 invenit,
684 927 728 967 et
762 925 973 981 opponit:
1008 925 1203 973 Quidam
1238 924 1378 981 inquit
1410 923 1649 968 tradidere.
1714 922 1835 967 Prio-

318 1007 411 1036 rem
458 993 591 1049 igitur
628 998 794 1037 testem
837 994 977 1049 pluris
1011 994 1263 1037 aestimarit
1307 998 1443 1050 atque
1488 997 1683 1036 ceteros.
1748 993 1834 1040 Qui

319 1063 360 1105 hi
396 1063 636 1119 „quidam“
682 1063 861 1115 fuerint,
912 1076 1015 1106 cum
1065 1077 1211 1120 neque
1260 1063 1509 1107 Suetonius
1557 1076 1703 1119 neque
1752 1062 1834 1105 Dio

319 1133 389 1175 his
433 1134 488 1175 de
528 1134 666 1175 rebus
709 1134 874 1189 aliquid
919 1134 1114 1184 tradant,
1162 1134 1381 1189 cognosci
1427 1147 1516 1177 non
1561 1137 1713 1189 potest
1751 1133 1834 1176 nisi

319 1217 402 1247 eos
436 1203 477 1246 in
512 1217 701 1247 numero
725 1196 997 1260 optimorum
1038 1207 1276 1247 auctorum
1320 1217 1409 1247 non
1443 1203 1680 1248 habendos
1713 1216 1834 1257 esse,

320 1277 615 1331 quamobrem
650 1288 739 1318 non
771 1287 967 1318 necesse
990 1274 1166 1318 videtur
1197 1288 1430 1331 quaerere,
1455 1278 1602 1318 utrum
1626 1273 1835 1317 Aufidius

321 1359 377 1388 an
425 1345 609 1389 Cluvius
653 1359 710 1388 an
753 1345 824 1388 alii
870 1346 1048 1388 fuerint.
1114 1345 1451 1402 Cognoscimus
1495 1349 1647 1388 autem
1693 1344 1833 1401 scrip-

321 1419 465 1458 torem
501 1419 681 1471 praeter
714 1415 973 1471 primarium
1008 1419 1243 1458 auctorem
1277 1415 1392 1458 alios
1425 1415 1708 1459 adhibuisse!

467 1486 509 1528 ln
560 1486 639 1537 eis,
686 1499 802 1541 quae
853 1489 1106 1541 sequuntur
1160 1485 1384 1541 capitibus
1440 1486 1607 1530 clarius
1666 1498 1834 1543 cogno·

322 1568 523 1598 scemus.
590 1555 632 1597 ln
676 1555 840 1611 quibus
882 1559 1075 1598 senatus
1116 1560 1207 1598 tam
1248 1555 1459 1598 distincte
1498 1556 1780 1607 describitur,
1803 1559 1833 1607 ¹)

323 1630 369 1668 ut
402 1626 610 1682 singulae
644 1625 742 1669 eius
777 1630 931 1681 partes
966 1625 1160 1669 discerni
1195 1626 1387 1682 possint.
1438 1626 1536 1670 Hoc
1571 1625 1611 1669 in
1646 1629 1832 1669 senatu:

323 1695 564 1752 incipiente
606 1694 654 1739 C.
689 1695 797 1739 Silio
842 1696 1032 1739 consule
1076 1701 1359 1753 consurgunt
1402 1700 1557 1753 patres
1597 1696 1834 1753 legemque

324 1767 525 1811 Cinciam
560 1767 767 1824 flagitant
792 1801 918 1818 .....
954 1767 1114 1810 deinde
1149 1766 1521 1823 obstrepentibus
1558 1767 1637 1819 eis,
1672 1766 1834 1822 quibus

322 1850 377 1879 ea
421 1838 695 1880 contumelia
742 1838 1001 1892 parabatur,
1057 1837 1235 1880 discors
1280 1837 1436 1880 Suillio
1479 1837 1616 1880 Silius
1671 1837 1836 1879 acriter

323 1907 557 1950 incubuit.
584 1942 591 1950 .
619 1941 626 1950 .
653 1942 661 1950 .
697 1906 873 1959 (oratio,
921 1921 1054 1963 quam
1090 1906 1227 1951 Silius
1260 1910 1353 1950 tum
1387 1907 1555 1958 habuit,
1589 1906 1833 1950 admodum

324 1976 514 2032 copiose
561 1977 774 2030 refertur)
963 1976 1069 2020 talia
1121 1978 1300 2020 dicente
1346 1978 1534 2020 consule
1580 1977 1834 2034 designato,

324 2047 720 2091 consentientibus
754 2047 866 2099 aliis,
902 2049 1153 2103 parabatur
1184 2047 1426 2100 sententia,
1461 2061 1549 2104 qua
1583 2049 1681 2105 lege
1706 2060 1833 2104 repe-

321 2119 564 2161 tundarum
599 2123 878 2169 tenerentur,
914 2131 1015 2160 cum
1042 2118 1226 2162 Suillius
1260 2123 1304 2161 et
1327 2118 1466 2161 ceteri
1492 2118 1835 2161 circumsistunt

323 2188 586 2232 Caesarem.
647 2188 699 2232 Et
745 2193 987 2245 postquam
1030 2188 1198 2240 adnuit,
1239 2201 1376 2245 agere
1410 2188 1626 2245 incipiunt
1660 2189 1832 2245 (eorum

321 2272 501 2315 quoque
527 2259 733 2302 defensio
757 2258 901 2310 simili,
937 2272 1025 2315 qua
1060 2259 1197 2303 verba
1224 2259 1331 2310 Silii,
1366 2258 1592 2316 diligentia
1625 2259 1832 2314 traditur)

323 2365 330 2372 .
358 2365 399 2372 ..
435 2329 637 2372 decernit
671 2343 762 2372 rem
798 2330 1025 2385 princeps.
1061 2356 1116 2359 —
1142 2356 1195 2359 —
1232 2329 1397 2372 Paucis
1431 2329 1715 2373 lineamentis
1748 2330 1833 2373 bas

322 2414 397 2443 res
431 2400 472 2442 in
506 2405 670 2443 senatu
706 2404 837 2443 actas
872 2399 1211 2456 componimus:

332 2473 365 2525 1)
400 2471 538 2514 Silius
573 2470 664 2514 CD
699 2471 836 2513 refert
870 2472 925 2513 de
958 2472 1058 2526 lege
1094 2470 1249 2513 Cincia
1284 2471 1340 2525 (c.
1369 2471 1435 2523 V).

321 2543 365 2597 2)
400 2541 685 2597 Obstrepunt
719 2539 817 2584 eius
851 2539 1099 2584 adversarii
1135 2540 1225 2597 (Vl)

321 2614 365 2666 3)
402 2612 707 2655 Consentiunt
740 2610 810 2653 alii

321 2683 365 2737 4)
401 2682 597 2725 Paratur
630 2679 859 2725 sententia

321 2753 364 2806 5)
401 2751 754 2795 Circumsistunt
787 2752 924 2794 ceteri
963 2750 1209 2794 Caesarem
1245 2751 1549 2807 deprecantes

453 2827 740 2891 ⁷⁷¹⁷)7Wltluebn—er,
771 2847 827 2884 De
873 2848 1026 2883 senatus
1079 2846 1286 2892 populique
1335 2846 1490 2885 Romani
1542 2848 1632 2884 actis
1680 2846 1830 2893 (Annal.

322 2905 497 2941 fleckeiS.
525 2906 596 2941 vol.
625 2906 746 2951 suppl.
776 2906 836 2941 ΙΙΙ.
864 2917 949 2952 pag.
978 2906 1075 2950 557).
