2090 3320
934 199 987 240 13

215 335 398 389 Plinius,
431 348 648 394 panegyr.
682 335 751 379 75.
797 348 915 392 quae
952 348 1049 389 vos,
1088 339 1247 393 patres
1289 334 1552 391 conscripti,
1591 338 1636 379 et
1675 335 1718 377 in

355 406 535 463 publica
556 410 662 450 acta
685 406 903 449 mittenda
925 408 971 450 et
992 406 1233 450 incidenda
1255 405 1299 449 in
1323 417 1432 449 aere
1455 404 1718 449 censuistis.

215 475 451 533 Capitolin.
501 474 639 520 Gord.
672 476 712 528 4,
752 475 808 520 de
847 476 1136 533 professione
1176 479 1479 521 neonatorum
1512 474 1717 532 scripsit:

356 545 469 590 Cum
507 546 627 601 apud
666 547 949 601 praefectum
991 547 1155 590 aerarii
1199 559 1326 590 more
1373 546 1577 590 Romano
1617 558 1717 601 pro-

353 618 513 659 fessus
549 614 687 659 filium
727 615 918 671 publicis
956 616 1072 660 actis
1117 629 1282 661 nomen
1329 615 1429 660 eius
1474 614 1716 659 insereret.

355 684 600 740 (De-simili
633 698 683 729 re
716 685 801 730 ioci
842 699 987 730 causa
1026 687 1136 730 ficta
1174 688 1231 731 cf.
1266 685 1449 730 Petron.
1496 698 1598 742 cap.
1630 686 1717 740 53.)

354 756 473 804 Quid
507 756 579 800 hic
617 756 876 814 significent
913 760 1018 801 acta
1057 749 1249 814 publica,
1295 758 1384 802 hac
1423 757 1479 801 de
1518 769 1566 801 re
1606 769 1716 800 nun·

214 840 349 884 quam
397 826 648 872 dubitatum
697 831 781 873 est.
844 828 937 873 Sed
987 841 1104 885 quae
1152 828 1273 886 apud
1321 827 1530 872 Tacitum
1563 826 1718 873 X1124

213 898 504 941 nominantur
556 902 661 942 acta
714 899 906 955 publica,
959 913 1049 944 non
1103 903 1212 943 sunt
1264 902 1371 943 acta
1424 898 1617 956 publica,
1677 898 1716 942 si

213 967 431 1012 Ritterum
466 967 646 1012 Fabiam
680 968 1001 1026 Nipperdeium
1036 970 1231 1013 Leonem
1265 968 1512 1025 sequimur.
1546 968 1715 1017 Quam-

211 1038 279 1081 vis
311 1038 461 1095 magni
494 1040 654 1083 horum
687 1040 887 1084 virorum
920 1040 1241 1084 auctoritatem
1265 1043 1310 1083 et
1333 1052 1527 1083 acumen
1551 1039 1716 1096 ingenii

210 1108 619 1162 aestimaverimus,
666 1113 819 1154 tamen
873 1110 946 1153 vix
999 1110 1315 1167 intellegimus,
1375 1109 1603 1166 quomodo
1659 1110 1716 1152 ad

210 1181 330 1223 hanc
363 1179 783 1237 interpretationem
815 1179 1034 1224 venerint.
1098 1179 1233 1228 Quod
1267 1179 1528 1236 Nipperdey
1561 1182 1607 1223 et
1630 1179 1716 1223 Leo

210 1253 564 1306 proposuerunt,
610 1249 736 1292 Plinii
777 1250 929 1293 verbis
973 1249 1090 1293 satis
1137 1249 1285 1293 lucide
1324 1251 1566 1301 refutatur,
1614 1262 1716 1292 cum

207 1320 293 1363 has
326 1319 444 1363 duas
475 1332 567 1372 res,
610 1322 716 1363 acta
756 1323 801 1363 et
841 1319 1179 1376 inscriptiones,
1222 1319 1339 1363 inter
1371 1332 1424 1362 se
1457 1318 1718 1362 contrarias

207 1389 347 1445 ponit,
395 1389 658 1446 panegyrici
707 1389 782 1432 75:
837 1393 882 1433 et
928 1389 972 1433 in
1020 1389 1201 1445 publica
1252 1391 1357 1432 acta
1405 1388 1624 1432 mittenda
1673 1392 1718 1432 et

206 1459 448 1504 incidenda
496 1459 539 1503 in
587 1472 696 1503 aere
745 1459 1009 1504 censuistis.
1086 1459 1220 1508 Quae
1269 1458 1529 1515 Nipperdey
1579 1458 1716 1502 Fabia

208 1530 297 1574 Leo
336 1533 441 1574 acta
479 1530 658 1586 publica
698 1530 770 1574 hic
814 1529 984 1584 (X1124)
1030 1543 1139 1575 esse
1184 1533 1358 1587 putant,
1418 1531 1474 1573 ab
1520 1529 1718 1586 antiquis

206 1599 509 1657 scriptoribus
542 1600 835 1645 nominantur
881 1604 1177 1645 monumenta
1226 1600 1404 1658 publica
1453 1599 1580 1653 (plin.
1615 1612 1717 1656 epp.

207 1670 299 1714 V111
322 1672 350 1714 ὁ
374 1674 428 1723 14)
469 1672 537 1715 vel
571 1684 653 1715 aes
692 1675 930 1729 (panegyr.
964 1685 1065 1729 epp.
1101 1674 1125 1715 1.
1159 1675 1216 1725 c.)
1255 1673 1325 1716 vel
1365 1684 1448 1715 aes
1491 1670 1717 1728 publicum

206 1741 361 1795 (Tacit.
397 1742 546 1785 annal.
580 1741 901 1796 X1153-X114);
935 1755 1165 1798 nunquam
1199 1745 1352 1786 autem
1384 1744 1489 1785 acta
1522 1741 1715 1797 publica,

206 1824 323 1868 quae
355 1806 541 1868 semper
571 1816 680 1856 sunt
712 1816 817 1856 acta
850 1813 1011 1856 diurna
1044 1812 1193 1869 populi
1228 1812 1416 1857 Romani
1445 1812 1530 1865 (vel
1554 1811 1711 1864 urbis).

208 1881 273 1925 De
308 1881 462 1926 Ritteri
494 1882 725 1925 sententia
765 1895 854 1926 non
893 1884 1079 1926 multum
1120 1883 1272 1926 dicere
1311 1885 1505 1938 oportet.
1569 1880 1715 1925 Nemo

205 1955 279 1996 est
322 1951 427 2008 quin
471 1951 589 1996 sciat
637 1965 662 1996 e
709 1952 993 2009 temporibus
1026 1952 1221 2010 Augusti
1266 1956 1373 1996 acta
1418 1955 1614 1996 senatus
1659 1952 1716 1995 ab

205 2035 292 2066 usu
318 2022 496 2078 publico
519 2022 714 2074 secerni,
747 2026 796 2065 ut
818 2022 1069 2066 Suetonius
1091 2022 1230 2065 tradit
1253 2022 1295 2064 in
1316 2022 1407 2065 vita
1425 2021 1620 2078 Augusti
1639 2022 1715 2068 36:

205 2093 444 2149 Augustus
468 2095 629 2136 auctor
649 2091 746 2145 fuit,
780 2105 837 2135 ne
860 2095 965 2135 acta
987 2095 1182 2136 senatus
1205 2092 1549 2148 publicarentur
1572 2093 1715 2149 (post-

208 2176 343 2221 quam
380 2161 559 2207 Caesar
601 2162 809 2220 (Sueton.
844 2161 979 2207 Caes.
1013 2162 1087 2219 20)
1136 2162 1309 2219 primus
1352 2162 1552 2207 omnium
1592 2163 1716 2207 insti-

209 2232 306 2287 tuit,
341 2236 389 2277 ut
420 2237 513 2277 tam
546 2237 740 2277 senatus
773 2246 907 2290 quam
942 2233 1094 2290 populi
1128 2233 1289 2277 diurna
1323 2237 1429 2277 acta
1463 2233 1719 2278 confierent

207 2307 252 2348 et
284 2303 652 2361 publicarentur).
693 2303 878 2348 Meliore
910 2303 1004 2348 iure
1037 2303 1177 2349 Ritter
1215 2307 1320 2348 acta
1352 2307 1544 2348 senatus
1577 2304 1717 2349 nomi-

207 2388 316 2419 nare
349 2374 493 2432 potuit
526 2378 658 2427 „acta
691 2378 914 2419 secreta“.
1161 2392 1163 2394 ¹

348 2445 530 2503 Operae
563 2445 754 2503 pretium
788 2459 895 2490 esse
928 2446 1060 2490 nobis
1100 2447 1336 2490 videbatur
1379 2446 1584 2504 pluribus
1624 2460 1719 2490 ver‘

206 2516 276 2560 bis
309 2516 638 2569 demonstrare,
679 2516 783 2573 quid
816 2516 907 2560 sint
939 2520 1043 2560 acta
1077 2516 1269 2573 publica,
1315 2517 1582 2574 praesertim
1616 2531 1719 2561 cum

205 2587 705 2631 itamonstraverimus
736 2587 936 2631 Tacitum
964 2587 1107 2632 X1124
1141 2588 1216 2645 (de
1249 2587 1501 2645 pomoerio)
1538 2587 1717 2646 publica

205 2661 310 2701 acta
343 2657 615 2715 inspexisse,
650 2672 739 2715 qua
773 2658 828 2701 de
862 2672 909 2701 re
941 2651 1027 2702 suo
1061 2658 1162 2701 loco
1196 2659 1324 2714 plura
1357 2658 1581 2702 dicemus.
1626 2658 1719 2702 Sed

205 2727 340 2773 etiam
385 2729 506 2773 hunc
551 2728 589 2772 si
635 2742 724 2773 non
768 2729 1042 2773 haberemus
1086 2729 1249 2782 locum,
1292 2732 1445 2773 tamen
1486 2729 1527 2773 id
1561 2732 1717 2773 notum

204 2798 336 2842 nobis
383 2803 522 2843 esset.
590 2799 706 2843 Nam
739 2799 936 2857 scriptor
982 2799 1080 2856 ipse
1128 2799 1365 2856 profitetur
1396 2814 1448 2844 se
1495 2800 1566 2844 his
1600 2800 1717 2844 actis

203 2881 337 2913 usum
386 2882 493 2914 esse
541 2869 711 2928 (x11131
760 2874 808 2914 ut
840 2873 1196 2927 praetereamus,
1252 2870 1368 2915 1113:
1418 2884 1507 2914 non
1556 2870 1717 2914 diurna
