2090 3320
1046 215 1102 258 56

310 351 473 409 insigni
522 352 845 408 paludamento
889 366 1038 408 neque
1084 355 1241 410 procul
1286 352 1534 410 Agrippina
1582 353 1820 409 chlamyde

309 425 472 466 aurata
505 423 787 479 praesedere
805 423 835 478 1)
862 458 1008 467 .....
1035 423 1158 480 LVll)
1192 424 1298 481 quin
1332 428 1378 469 et
1411 423 1662 470 convivium
1695 423 1820 468 efflu-

308 492 378 536 vio
423 494 552 536 lacus
596 493 858 550 adpositum
909 506 1076 551 magna
1122 495 1359 539 formidine
1404 498 1598 539 cunctos
1640 493 1820 546 adfecit,

309 561 413 618 quia
445 562 513 606 vis
557 576 779 618 aquarum
821 564 1029 620 proxima
1072 565 1295 609 trahebat.
1327 592 1385 597 —-
1417 592 1472 597 ——
1512 565 1593 609 Dio
1628 564 1820 609 LX333:

303 633 361 673 ‘O
398 633 608 679 Κλαύδιος
657 634 908 689 (ναυμαχίαν
951 640 1120 689 ποιῆσαι
1162 637 1440 690 ἐπιθυμήσας)
1483 637 1613 690 τεῖχός
1648 653 1689 677 τε
1728 636 1821 688 περὶ

305 703 377 756 τὴν
419 704 566 757 λίμνην
611 705 773 751 ξύλινον
815 706 1092 747 κατεσκεύασε
1132 706 1202 746 καὶ
1245 707 1354 759 ἴκρια
1396 701 1530 760 ἔπηξε.
1580 706 1742 759 πλῆθός
1780 722 1821 746 τε

306 775 594 828 ἀναρίθμητον
633 775 830 827 ἤθροισεν
854 808 1010 815 .....
1058 777 1081 815 ὁ
1120 776 1165 815 δὲ
1202 776 1252 828 δὴ
1286 776 1496 821 Κλαύδιος
1532 777 1558 816 ὅ
1586 792 1626 816 τε
1665 775 1821 828 Νέρων

306 849 606 897 στρατιωτικῶς
654 846 888 900 ἐστάλησαν,
938 847 963 899 ἤ
1009 862 1049 886 τε
1091 845 1330 899 Ἀγριππῖνα
1377 846 1556 900 χλαμύδι
1608 847 1822 900 ὃιαχρυσῷ

306 915 540 968 ἐκοσμήθη.
604 940 659 944 —
723 914 856 970 Apud
911 914 1180 959 Suetonium
1236 913 1410 967 (Claud.
1460 915 1543 968 2l):
1603 914 1722 963 Quin
1776 917 1820 957 et

306 982 565 1026 emissurus
599 983 813 1027 Fucinum
847 985 995 1027 laeum
1020 983 1341 1027 naumachiam
1368 987 1475 1028 ante
1498 984 1738 1028 commisit.
1763 1010 1818 1015 —

305 1053 379 1107 32)
417 1056 448 1106 2)
484 1053 753 1098 convivatus
793 1057 865 1098 est
905 1058 950 1098 et
987 1067 1130 1111 super
1169 1054 1459 1098 emissarium
1500 1053 1649 1098 Fucini
1689 1056 1818 1098 lacus

305 1136 361 1166 ac
394 1137 541 1179 paene
564 1125 838 1168 submersus
862 1127 946 1175 est,
982 1137 1086 1167 cum
1120 1124 1293 1168 emissa
1319 1124 1487 1181 impetu
1511 1137 1632 1180 aqua
1655 1124 1817 1168 redun-

305 1193 478 1238 dasset.
513 1221 569 1225 ——
603 1193 736 1252 Apud
772 1193 961 1239 Plinium
997 1196 1107 1250 (nat.
1141 1195 1245 1257 hist.
1280 1193 1506 1239 XXXlll3
1531 1196 1556 1250 §
1579 1194 1673 1252 63):
1720 1194 1818 1239 Nos

304 1264 498 1308 vidimus
530 1265 826 1322 Agrippinam
862 1265 1036 1309 Claudii
1077 1258 1292 1323 principis
1330 1265 1521 1309 sedente
1553 1278 1609 1309 eo
1643 1264 1818 1308 navalis

307 1335 460 1391 proelii
500 1337 815 1391 spectaculum
852 1335 1137 1380 adsidentem
1177 1340 1222 1380 et
1260 1336 1461 1380 indutam
1496 1336 1817 1393 paludamento

307 1419 418 1449 auro
452 1405 590 1449 textili
625 1406 724 1450 sine
758 1406 845 1450 alia
879 1407 1083 1451 materia.
1117 1433 1173 1437 —

448 1476 651 1533 Denique
694 1476 880 1520 Tacitus
926 1481 971 1520 et
1009 1477 1091 1521 Dio
1126 1477 1286 1521 eodem
1326 1477 1461 1521 modo
1500 1478 1620 1520 hanc
1664 1490 1816 1520 narra-

306 1547 475 1590 tionem
499 1547 916 1591 concludunt.Tac.
936 1546 1085 1591 X1157
1105 1551 1235 1591 extr.:
1255 1547 1397 1592 Simul
1423 1582 1431 1591 .
1458 1581 1466 1591 .
1492 1581 1500 1590 .
1526 1581 1535 1590 .
1569 1546 1816 1603 Agrippina

230 1638 234 1642 ·
305 1616 557 1660 ministrum
602 1616 754 1673 operis
798 1617 1065 1660 Narcissum
1112 1617 1294 1660 incusat
1335 1616 1558 1673 cupidinis
1601 1620 1646 1660 et
1689 1629 1815 1672 prae-

305 1688 479 1731 darum.
543 1715 599 1719 —
663 1687 746 1732 Dio
794 1687 865 1731 LX
895 1689 1006 1732 333:
1056 1689 1114 1730 ‘O
1158 1689 1400 1745 Νάρκισσος
1441 1694 1512 1744 τῆς
1558 1689 1702 1743 λίμνης
1746 1693 1817 1742 τῆς

308 1760 517 1812 Φονκίνης
588 1759 880 1812 συμπεσούσης
949 1760 1077 1799 αἰτίαν
1146 1759 1204 1799 ἐπ’
1260 1760 1363 1812 αὐτῇ
1414 1760 1596 1812 μεγάλην
1661 1759 1815 1811 ἔλαβεν.

301 1829 619 1883 ἓπεστάτει”γιὶρ
658 1834 731 1870 τοῦ
776 1831 912 1883 ἔργον.
960 1854 1011 1860 ---
1063 1854 1118 1858 ——
1169 1827 1233 1871 De
1272 1826 1444 1885 origine
1488 1826 1622 1871 hulus
1661 1839 1814 1871 narra·

300 1898 436 1941 tionis
480 1911 570 1941 non
611 1899 714 1955 plus
753 1899 885 1942 nobis
930 1899 1171 1943 dicendum
1212 1901 1298 1950 est,
1343 1911 1446 1941 cum
1489 1897 1682 1941 dubitari
1725 1909 1815 1940 non

302 1969 462 2025 possit,
497 1968 602 2025 quin
638 1968 821 2022 Plinius,
867 1970 940 2026 qui
981 1969 1080 2026 ipse
1121 1969 1163 2012 in
1204 1968 1276 2012 illo
1316 1981 1507 2012 numero
1540 1971 1626 2021 est,
1672 1970 1815 2012 ceter-

301 2052 429 2083 orum
464 2042 628 2083 auctor
659 2032 825 2083 fuerit(

445 2110 904 2167 Duodesexagesimo
959 2110 1108 2166 capite
1162 2110 1360 2154 Neronis
1407 2109 1449 2152 in
1497 2112 1663 2152 senatu
1711 2108 1814 2152 tiro-

299 2179 464 2223 cinium
499 2184 903 2224 commemoratur.
960 2180 1079 2224 Idem
1114 2193 1217 2223 cum
1248 2179 1368 2236 apud
1392 2177 1663 2223 Suetonium
1687 2190 1813 2234 repe‘

300 2249 472 2293 riamus
507 2249 614 2303 (vita
638 2249 836 2293 Neronis
869 2250 927 2303 7),
962 2250 1061 2293 eius
1094 2250 1232 2293 verba
1266 2262 1370 2293 eum
1392 2248 1550 2293 Tacito
1577 2261 1813 2305 comapra-

302 2333 418 2364 mus.
484 2320 550 2363 Ac
584 2319 837 2365 Suetonius
871 2321 988 2364 haec
1020 2319 1196 2363 scribit:
1244 2319 1375 2376 Apud
1415 2319 1609 2363 eundem
1649 2330 1813 2362 consu-

300 2392 387 2434 lem
422 2404 504 2447 pro
541 2390 911 2435 Bononiensibus
951 2390 1121 2443 Latine,
1163 2403 1245 2446 pro
1286 2389 1472 2434 Rhodiis
1509 2392 1647 2445 atque
1689 2388 1812 2433 llien-

297 2462 427 2504 sibus
452 2460 632 2504 Graece
657 2461 798 2504 verba
823 2460 931 2518 fecit
954 2459 1123 2513 (Nero).
1158 2486 1213 2490 —
1248 2460 1366 2503 ldem
1389 2460 1432 2503 in
1455 2458 1544 2503 vita
1568 2458 1619 2502 D.
1640 2458 1813 2503 Claudii

297 2534 452 2575 narrat
501 2532 588 2585 (25.
638 2534 759 2588 cap.)
812 2530 986 2575 omisso
1038 2531 1234 2574 Neronis
1283 2531 1464 2574 nomine
1512 2544 1537 2575 e
1584 2529 1813 2574 sententia

297 2601 490 2645 Claudii:
548 2601 822 2645 Libertatem
880 2600 1065 2645 Rhodiis
1120 2602 1177 2644 ob
1234 2601 1558 2657 paenitentiam
1608 2605 1811 2645 veterum

440 2777 467 2822 ¹)
497 2777 542 2813 cf.
569 2776 671 2813 Suet.
699 2776 833 2813 Claud.
860 2778 917 2813 21.
945 2777 1212 2824 praeseditque
1239 2776 1450 2824 paludatus.

438 2836 467 2881 2)
495 2835 650 2871 Sueton.
678 2836 830 2882 saepius
857 2836 1074 2872 continuam
1107 2837 1359 2872 narrationem
1386 2836 1423 2871 in
1450 2836 1545 2871 duas
1571 2837 1696 2881 partes
1722 2833 1811 2870 divi-

295 2893 359 2939 dit,
385 2894 492 2930 cuius
519 2894 569 2931 rei
596 2894 697 2940 apud
724 2894 870 2931 Gercke
898 2894 958 2941 (ct.
988 2906 1073 2941 pag.
1099 2895 1161 2940 40)
1190 2895 1384 2940 complura
1412 2894 1588 2940 exempla
1614 2894 1710 2929 sunt.
