2090 3320
289 358 345 403 Xl
373 360 429 403 20
456 358 647 417 insignia
678 362 830 403 tamen
863 359 1073 417 triumphi
1105 360 1287 404 indulsit
1307 358 1483 404 Caesar
1514 359 1795 414 (Corbuloni)

430 442 516 472 nec
563 430 702 472 multo
751 434 856 484 post
904 430 1086 474 Curtius
1137 431 1280 474 Rufus
1329 431 1524 473 eundem
1574 432 1793 473 honorem

431 498 708 555 adipiscitur.

430 567 589 625 Neque
621 569 781 612 mirum
816 574 899 621 est,
939 572 1057 626 quod
1098 572 1153 614 de
1189 571 1301 616 Rufo
1343 584 1491 626 neque
1528 570 1607 613 Dio
1650 582 1796 624 neque

290 638 538 683 Suetonius
577 638 743 691 dicunt,
794 652 896 683 cum
931 640 1001 684 hic
1043 654 1098 684 ne
1139 640 1410 685 Corbulonis
1453 639 1633 696 quidem
1674 652 1796 682 men-

289 710 456 753 tionem
485 710 655 754 fecerit.
705 710 778 754 llle
807 714 959 755 autem
988 712 1131 764 locus,
1165 725 1254 768 quo
1285 711 1482 757 Corbulo
1515 714 1560 754 et
1587 724 1614 753 a
1639 709 1795 753 Tacito

289 784 333 823 et
366 794 393 823 a
416 780 559 824 Dione
588 786 878 833 memoratur,
912 783 968 825 ab
999 782 1052 824 iis
1083 796 1138 825 ex
1170 782 1331 825 eodem
1363 785 1553 825 auctore
1582 785 1795 836 sumptus

289 855 373 903 est,
408 863 496 908 qua
529 850 584 895 de
617 864 664 895 re
697 852 753 895 ad
791 851 920 896 Χ12Ο
961 852 1090 897 nobis
1130 852 1369 897 dicendum
1411 851 1507 896 erit.
1574 851 1684 895 Post
1724 851 1795 894 tri-

291 922 517 978 umphalia
550 922 742 980 insignia
775 923 860 966 tria
895 924 981 966 alia
1016 924 1225 980 exempla
1258 924 1428 967 affero:

290 992 346 1035 Xl
381 994 420 1036 4.
485 993 679 1051 lnsignia
713 997 958 1049 praeturae
993 993 1201 1050 Crispino
1234 994 1422 1037 decreta
1455 998 1576 1037 sunt.

289 1062 363 1105 Χ11
409 1063 468 1106 21.
516 1062 785 1107 Consularia
834 1064 1027 1119 insignia
1078 1063 1278 1116 Ciloni¹>,
1329 1063 1519 1119 Aquilae
1568 1062 1797 1119 praetoria

431 1134 749 1177 decernuntur.

432 1202 625 1260 Dignum
665 1216 844 1260 quoque
885 1207 1138 1247 memoratu
1180 1207 1252 1247 est
1286 1203 1490 1247 Tacitum
1525 1204 1672 1247 solum
1707 1215 1797 1246 me-

291 1273 462 1316 moriae
511 1273 766 1329 prodidisse
818 1274 1083 1316 damnatum
1133 1287 1241 1317 esse
1294 1275 1393 1329 lege
1446 1274 1797 1329 repetundarum

292 1342 479 1387 Cadium
520 1343 682 1389 Rufum
723 1344 888 1398 (X1122
928 1348 1060 1398 extr),
1102 1344 1172 1389 cui
1215 1344 1277 1388 rei
1324 1344 1365 1386 id
1411 1344 1635 1395 addimus,
1678 1344 1797 1400 quod

290 1415 405 1457 haec
428 1426 572 1457 causa
596 1414 784 1458 Claudio
808 1419 1029 1471 regnante
1060 1429 1148 1458 una
1178 1415 1272 1457 fuit.
1315 1415 1361 1458 Si
1393 1415 1631 1457 nobiscum
1667 1427 1796 1469 repu-

289 1487 441 1527 tamus
475 1485 559 1528 has
592 1497 755 1529 omnes
794 1498 909 1540 quas
944 1489 1179 1541 postremo
1221 1484 1592 1528 enumeravimus
1632 1497 1708 1527 res
1741 1484 1797 1526 ad

291 1557 502 1597 senatum
551 1555 779 1611 pertinere
834 1556 1025 1611 eiusque
1080 1569 1137 1599 ex
1185 1555 1459 1599 auctoritate
1508 1556 1798 1611 <imperatore

291 1628 497 1677 auctore)
546 1625 760 1668 decretas
809 1639 930 1677 esse,
980 1626 1021 1668 id
1070 1627 1288 1670 sufficere
1335 1626 1466 1669 nobis
1511 1625 1702 1676 videtur,
1752 1629 1798 1668 ut

291 1694 663 1738 demonstremus
706 1695 911 1739 Tacitum
956 1699 1060 1740 acta
1104 1699 1296 1740 senatus
1337 1695 1505 1740 adisse.
1572 1695 1672 1752 lpse
1712 1694 1798 1738 alio

292 1765 393 1808 loco
428 1764 501 1817 (Xl
536 1766 579 1818 7)
612 1763 794 1808 fastidio
828 1767 1024 1821 quodam
1058 1766 1101 1809 in
1132 1770 1316 1809 ceteros
1350 1779 1508 1809 eorum
1541 1771 1797 1822 temporum

291 1834 545 1891 scriptores
593 1839 852 1879 commotus
897 1836 1030 1880 bonis
1075 1837 1173 1880 suis
1222 1836 1495 1880 testimoniis
1556 1836 1799 1893 gloriatur:

293 1904 451 1962 Neque
490 1918 592 1948 sum
631 1905 818 1963 ignarus
864 1907 1095 1963 plerisque
1134 1906 1435 1963 scriptoribus
1475 1906 1649 1949 omissa
1692 1907 1800 1948 mul-

292 1980 442 2020 torum
470 1976 672 2032 pericula
703 1982 747 2021 et
775 1990 965 2033 poenas.
1021 1978 1163 2021 Nobis
1197 1978 1415 2033 pleraque
1450 1977 1584 2033 digna
1617 1977 1800 2033 cognitu

293 2046 534 2099 obvenere,
580 2060 853 2104 quamquam
902 2048 958 2091 ab
1004 2048 1104 2091 aliis
1152 2047 1445 2091 incelebrata.
1510 2047 1557 2091 Si
1600 2046 1801 2098 Tacitus,

296 2129 413 2172 quae
452 2121 545 2160 tum
586 2131 642 2161 ne
684 2118 726 2160 in
774 2118 956 2173 optimis
1001 2117 1181 2173 quidem
1227 2117 1352 2160 libris
1396 2117 1597 2161 invenire
1644 2117 1801 2173 potuit,

289 2186 391 2229 alibi
430 2187 642 2243 repperit,
687 2187 726 2231 is
767 2187 899 2231 testis
938 2187 1042 2243 quin
1084 2187 1213 2243 primi
1252 2187 1423 2230 ordinis
1461 2186 1609 2239 fuerit,
1660 2199 1794 2230 nemo

249 2286 252 2288 >
293 2256 524 2302 dubitabit.
603 2256 838 2315 Nusquam
886 2261 1038 2301 autem
1087 2270 1205 2314 quae
1255 2256 1491 2314 quaesivit,
1538 2256 1709 2301 certius
1758 2261 1804 2300 et

293 2328 454 2370 melius
488 2329 689 2384 reperire
725 2330 868 2384 potuit
902 2342 1037 2385 quam
1071 2329 1114 2371 in
1146 2328 1264 2371 actis
1296 2332 1503 2371 senatus.
1560 2329 1709 2376 Quam
1744 2329 1800 2370 ad

296 2410 391 2440 rem
425 2397 612 2453 propius
643 2398 870 2442 accedere
893 2398 1080 2455 saepius
1104 2397 1235 2442 nobis
1258 2398 1444 2442 occasio
1472 2397 1569 2442 erit.

436 2468 607 2520 Restat,
642 2472 690 2511 ut
722 2469 778 2512 de
811 2468 1126 2525 scriptoribus,
1150 2468 1420 2524 quibuscum
1453 2468 1658 2512 Tacitum
1682 2482 1802 2512 com-

293 2551 523 2594 paramus,
558 2550 705 2594 pauca
729 2540 868 2583 verba
899 2539 1137 2582 faciamus.
1174 2539 1266 2598 lam
1290 2539 1363 2582 diu
1388 2543 1543 2583 notum
1568 2544 1668 2582 erat
1690 2538 1803 2582 Sue-

292 2608 416 2651 tonio
450 2612 495 2651 et
520 2607 647 2651 Dioni
682 2622 785 2651 cum
811 2608 968 2653 Tacito
992 2610 1131 2652 multa
1160 2610 1229 2652 vel
1252 2609 1309 2652 ad
1332 2610 1521 2653 verbum
1546 2608 1805 2652 communia

294 2691 417 2731 esse,
451 2678 581 2721 cuius
614 2678 677 2722 rei
713 2680 971 2736 exemplum
1012 2683 1084 2723 est
1121 2679 1227 2722 Tac.
1263 2679 1275 2722 1
1308 2679 1335 2722 5
1378 2683 1423 2723 et
1456 2680 1584 2724 Suet.
1618 2679 1711 2723 Tib.
1744 2681 1804 2722 21.

439 2784 467 2828 ¹)
491 2785 594 2820 Idem
616 2785 820 2821 Suetonius
839 2785 985 2821 tradere
999 2785 1145 2820 videtur
1164 2786 1200 2820 in
1222 2785 1296 2820 vita
1316 2785 1465 2821 Claudii
1485 2787 1549 2820 24:
1570 2785 1804 2820 Ornamenta

293 2842 478 2887 praetoria
499 2843 610 2878 etiam
630 2843 934 2889 procuratoribus
950 2844 1160 2879 ducenariis
1181 2843 1336 2879 indulsit
1351 2843 1412 2888 (cf.
1428 2844 1662 2890 Nipperdey,
1678 2844 1806 2879 adnot.

297 2900 345 2936 ad
371 2900 438 2936 XII
467 2901 543 2946 21),
571 2901 637 2937 sed
664 2901 739 2938 alio
768 2903 899 2938 tenore
925 2901 962 2937 id
989 2904 1122 2939 narrat.

1601 2971 1643 3005 2*
