2090 3320
1020 260 1071 302 16

280 399 438 447 torem,
487 396 626 439 verbo
672 394 926 440 inveniendi
975 397 1115 451 (velut
1147 396 1250 441 hist.
1285 396 1411 441 1137:
1462 395 1640 441 invenio
1673 395 1793 453 apud

281 465 504 522 quosdam
539 469 785 519 auctores).
851 467 954 515 Qua
987 480 1045 511 ex
1078 481 1125 511 re
1158 467 1362 524 sequitur
1394 480 1511 519 eum,
1547 466 1666 523 quod
1691 465 1794 511 1188

280 536 482 587 traditur,
517 549 607 580 non
641 537 760 593 apud
794 537 1045 595 scriptores
1078 539 1207 582 solos
1231 537 1502 595 repperisse,
1542 537 1625 582 sed
1658 536 1792 581 etiam

281 606 323 649 in
356 606 499 649 altero
543 605 614 649 illo
655 618 837 664 genere.
901 608 1051 665 Atque
1089 608 1127 652 si
1168 608 1271 665 quid
1311 607 1519 665 repperit,
1565 607 1607 651 id
1645 607 1793 651 solum

280 675 322 718 in
356 675 473 719 actis
506 676 704 732 reperire
738 677 895 733 potuit,
936 682 984 721 ut
1024 678 1140 722 satis
1179 678 1359 722 firmata
1398 677 1615 729 videatur,
1659 690 1793 733 quam

280 759 420 802 supra
480 746 917 800 commendavimus,
984 747 1223 804 scriptura.
1294 747 1516 791 Addimus
1589 746 1794 790 Tacitum

282 815 437 860 sexies
470 830 523 860 se
556 816 721 874 aliquid
746 817 1004 874 repperisse
1026 817 1315 870 scribentem,
1348 821 1417 862 ter
1441 817 1557 862 actis
1580 820 1795 861 auctores

283 886 352 929 vel
385 886 637 943 scriptores
670 887 948 943 opposuisse
982 887 1013 944 (Ι
1032 887 1075 930 81
1113 887 1143 930 ll
1163 888 1220 931 88
1253 887 1386 944 1113)!

423 969 708 1026 Scriptorem
749 968 903 1013 multis
944 968 1043 1013 aliis
1082 968 1195 1013 locis
1234 973 1340 1014 acta
1379 970 1548 1023 adisse,
1587 984 1644 1014 ex
1677 970 1793 1015 Wei-

285 1039 501 1083 demanni
535 1038 921 1095 disputationibus
954 1040 997 1093 (l.
1024 1052 1062 1083 c.
1088 1040 1144 1082 cf.
1170 1052 1271 1097 pag.
1295 1041 1356 1084 14.
1381 1040 1566 1093 adnot),
1613 1039 1687 1097 qui
1710 1040 1795 1098 pri-

284 1122 387 1153 mus
420 1109 541 1153 hanc
575 1121 669 1152 rem
703 1108 956 1163 illustravit,
990 1108 1273 1166 aliorumque
1307 1111 1467 1154 elucet.
1535 1117 1537 1119 ’

279 1196 414 1245 Quod
477 1199 638 1240 contra
696 1209 779 1240 eos
843 1196 1014 1249 dicitur,
1075 1197 1148 1254 qui
1207 1196 1412 1240 Tacitum
1466 1201 1572 1242 acta
1632 1197 1792 1241 diurna

280 1267 436 1311 adisse
457 1270 663 1319 censent,
697 1267 814 1311 idem
839 1267 895 1311 de
921 1271 1113 1311 senatus
1137 1266 1254 1312 actis
1277 1266 1363 1311 dici
1382 1268 1523 1312 solet:
1558 1268 1793 1313 Difficilius

281 1338 428 1381 fuisse
467 1337 524 1381 ad
564 1337 772 1395 singulas
813 1351 887 1381 res
931 1337 1231 1395 reperiundas
1272 1337 1424 1381 omnia
1466 1341 1533 1382 tot
1571 1351 1794 1383 annorum

284 1411 390 1452 acta
424 1408 717 1464 perlustrare.
767 1408 860 1453 Sed
894 1421 1030 1465 quam
1061 1407 1195 1452 facile
1221 1406 1368 1460 fuerit,
1403 1421 1460 1451 ex
1488 1407 1611 1452 Plinii
1645 1421 1794 1452 exem-

283 1479 356 1535 plo
381 1477 625 1522 discimus:
663 1478 817 1530 Plinio,
852 1491 956 1522 cum
988 1478 1031 1522 in
1062 1482 1357 1522 monumento
1381 1478 1599 1537 Pallantis
1623 1478 1795 1523 Claudii

282 1547 426 1590 liberti
478 1547 821 1604 inscriptionem
871 1547 1074 1604 legisset,
1128 1561 1218 1603 qua
1266 1547 1478 1591 curiosus
1524 1550 1677 1592 factus
1725 1552 1797 1592 est

284 1618 403 1674 (epp.
438 1616 635 1673 V11162):
683 1618 829 1662 visum
866 1621 939 1662 est
971 1617 1162 1675 pretium
1203 1630 1374 1674 operae
1412 1617 1560 1675 ipsum
1602 1621 1796 1663 senatus

283 1688 543 1730 consultum
578 1701 813 1743 quaerere.
849 1688 1011 1740 lnveni,
1032 1687 1184 1744 inquit.
1219 1687 1333 1730 Nihil
1357 1687 1574 1744 scriptum
1599 1688 1792 1746 legimus

283 1760 403 1802 hanc
426 1758 839 1814 perscrutationem
865 1760 1105 1803 molestam
1130 1762 1175 1802 et
1199 1758 1427 1802 difficilem
1450 1757 1607 1803 fuisse.
1645 1758 1795 1807 Quae‘

282 1828 384 1871 sivit
408 1854 463 1858 —
487 1827 678 1872 invenit!
714 1841 991 1884 quamquam
1015 1828 1214 1885 spatium
1238 1828 1295 1871 56
1318 1840 1541 1871 annorum
1565 1829 1795 1873 intererat.

283 1898 555 1942 Mommseni
609 1898 812 1942 ordinem
864 1899 1237 1955 chronologicum
1294 1897 1332 1941 si
1381 1897 1627 1954 sequimur,
1681 1900 1797 1943 haec

283 1968 481 2026 epistula
515 1968 637 2013 circa
671 1982 840 2013 annum
874 1970 964 2014 108.
990 1970 1058 2014 vel
1093 1970 1181 2013 109.
1206 1968 1378 2025 scripta
1411 1972 1456 2012 et
1492 1968 1534 2012 in
1569 1969 1795 2026 publicum

283 2040 404 2084 edita
438 2044 510 2084 est
523 2040 569 2096 ¹),
604 2053 693 2096 quo
727 2040 828 2096 ipso
865 2043 1072 2096 tempore
1094 2039 1280 2084 Tacitus
1312 2040 1506 2084 annales
1539 2039 1795 2096 scripturus

285 2115 396 2155 erat.
448 2110 528 2155 Cui
563 2111 668 2166 quin
701 2114 796 2153 tum
829 2111 1028 2155 facultas
1060 2109 1194 2155 fuerit
1227 2114 1333 2154 acta
1360 2113 1553 2154 senatus
1586 2110 1795 2164 adeundi,

285 2193 421 2225 nemo
469 2180 703 2233 dubitabit,
750 2180 1019 2236 praesertim
1065 2193 1168 2224 cum
1213 2179 1412 2232 Tacitus,
1452 2180 1525 2236 qui
1567 2192 1687 2225 anno
1725 2181 1795 2224 97.

286 2252 446 2294 consul
488 2251 651 2302 fuerat,
692 2250 889 2306 scriptor
929 2250 1215 2294 clarissimus
1253 2249 1407 2306 virque
1445 2263 1625 2295 summo
1658 2251 1795 2307 magi·

285 2323 433 2365 stratu
478 2321 762 2377 perfunctus,
802 2321 922 2377 apud
965 2320 1286 2378 imperatorem
1327 2319 1369 2362 in
1407 2332 1588 2364 summo
1621 2321 1796 2364 honore

285 2395 427 2434 esset.
493 2391 664 2435 Contra
712 2391 881 2434 dictum
931 2394 1003 2434 est
1050 2390 1272 2434 rationem
1321 2390 1550 2435 scribendi
1598 2390 1797 2447 antiquis

285 2460 419 2506 aliam
452 2460 598 2505 fuisse
628 2463 765 2518 atque
796 2459 967 2506 nostris
989 2459 1285 2518 temporibus.
1340 2459 1523 2519 Negant
1544 2459 1796 2505 adversarii

284 2532 385 2576 illos
408 2533 662 2589 scriptores
687 2533 840 2576 fontes
864 2546 982 2588 quos
1005 2532 1197 2576 dicimus
1221 2531 1462 2588 primarios
1486 2531 1611 2576 adire
1633 2531 1797 2576 solitos

284 2617 406 2648 esse.
455 2603 672 2647 Attamen
696 2615 786 2646 non
810 2601 1077 2659 ignoramus
1108 2602 1266 2655 fuisse,
1297 2601 1369 2659 qui
1399 2601 1566 2646 talibus
1594 2602 1797 2647 fontibus

284 2673 522 2732 diligenter
555 2673 623 2717 usi
657 2673 770 2717 sint:
816 2672 1104 2726 Aristoteles,
1139 2677 1187 2717 ut
1226 2674 1283 2717 ab
1324 2671 1517 2717 Graecis
1550 2672 1794 2725 ordiamur,

283 2745 509 2789 tabularia
548 2743 895 2789 Atheniensium
934 2743 1236 2800 perlustravit,
1284 2757 1387 2787 cum
1432 2742 1592 2787 librum
1633 2744 1689 2787 de
1728 2756 1795 2787 re-

430 2931 457 2977 ¹)
488 2931 651 2967 Hermes
680 2931 727 2966 lll
758 2930 883 2977 (1869)
911 2941 987 2977 pag
1012 2931 1068 2966 31.
