2090 3320
298 331 342 386 6)
376 330 496 374 Nutu
530 330 629 375 eius
662 342 799 387 agere
832 330 1048 387 incipiunt
1082 330 1190 388 (Vll)

298 401 341 455 7)
378 401 588 444 Decernit
622 400 796 444 Caesar
817 400 848 456 1)

299 471 472 514 Auctor
518 470 652 513 huius
700 469 812 526 legis
860 471 1083 525 omnibus,
1142 471 1214 527 qui
1257 469 1393 514 Taciti
1448 482 1588 526 opera
1636 470 1803 526 legunt,

300 542 415 584 bene
447 544 584 583 notus
617 545 702 591 est,
747 554 892 596 neque
930 541 1115 584 Tacitus
1153 542 1352 584 animum
1394 541 1587 598 legentis
1624 540 1666 583 in
1700 553 1802 583 eum

302 611 540 655 advertere
590 610 897 668 praetermisit
947 610 1016 655 his
1061 611 1228 656 verbis:
1292 611 1340 656 C.
1375 611 1528 663 Silius,
1575 610 1706 655 cuius
1752 612 1807 654 de

300 681 501 737 potentia
550 685 595 725 et
642 682 777 726 exitio
825 684 867 726 in
913 687 1119 738 tempore
1159 684 1438 726 memorabo.
1493 708 1548 712 -—
1600 681 1806 736 Scriptor

302 751 432 807 quasi
466 751 564 807 ipse
596 765 648 795 se
673 751 967 810 interrumpit,
1001 753 1119 809 quod
1144 765 1233 796 non
1266 752 1470 804 fecisset,
1503 751 1541 794 si
1570 750 1803 794 historiam

300 822 561 864 continuum
596 823 934 879 exscripsisset.
989 823 1238 866 Suetonius
1272 828 1316 866 et
1349 823 1432 865 Dio
1466 823 1522 864 de
1557 821 1666 865 Silio
1701 821 1803 863 nihil

299 890 581 936 tradiderunt
626 892 710 936 nisi
751 893 851 937 eius
895 905 997 936 cum
1044 892 1292 936 Messalina
1338 891 1621 942 adulterium,
1672 893 1718 934 ut
1761 890 1803 933 in

300 963 397 1005 suis
431 964 767 1019 exemplaribus
804 964 907 1007 nihil
937 965 1096 1006 harum
1133 977 1295 1015 rerum,
1329 975 1604 1018 quamquam
1635 973 1803 1004 memo-

301 1037 401 1075 ratu
449 1032 611 1088 dignae
669 1034 888 1085 videntur,
935 1046 1018 1076 eos
1071 1032 1302 1075 invenisse
1350 1034 1583 1088 appareat.
1650 1031 1804 1085 ltaque

300 1116 454 1145 errare
497 1102 627 1146 nobis
666 1116 754 1146 non
795 1103 997 1146 videmur
1029 1103 1101 1145 hic
1139 1102 1340 1145 arbitrati
1386 1101 1653 1157 scriptorem
1699 1103 1804 1143 acta

301 1176 492 1216 senatus
525 1172 843 1229 exscripsisse,
877 1172 919 1215 in
943 1172 1106 1229 quibus
1132 1171 1432 1228 potissimum,
1469 1184 1523 1214 ne
1557 1171 1726 1213 dicam:
1761 1169 1802 1211 in

301 1243 464 1299 quibus
497 1242 622 1295 solis,
662 1245 777 1286 haec
807 1243 958 1287 omnia
992 1242 1189 1299 reperire
1222 1242 1377 1298 potuit.

442 1313 603 1357 Octavi
647 1314 810 1370 capitis
857 1312 1027 1356 initium
1074 1317 1164 1356 est:
1211 1312 1306 1356 Sub
1353 1313 1469 1356 idem
1515 1316 1708 1368 tempus.
1749 1337 1800 1341 —-

302 1384 498 1440 Saepius
532 1385 651 1440 apud
676 1384 878 1427 Tacitum
913 1384 1032 1426 hanc
1066 1385 1132 1426 vcl
1156 1382 1346 1426 similem
1369 1384 1610 1426 formulam
1641 1382 1806 1438 reperi‘

302 1467 417 1506 mus,
464 1468 565 1498 cum
599 1455 655 1497 ab
689 1456 831 1498 altera
879 1467 925 1497 re
970 1454 1276 1505 adsalteram,
1323 1453 1392 1496 cui
1439 1452 1540 1496 nihil
1588 1466 1689 1495 cum
1737 1452 1807 1494 illa

302 1538 542 1568 commune
575 1528 660 1574 est,
693 1525 869 1568 transit.
934 1524 1014 1566 His
1061 1524 1285 1579 capitibus
1319 1523 1594 1575 (Vlll.-—X.)
1640 1527 1806 1574 narrat,

303 1608 419 1650 quae
453 1596 509 1637 ab
543 1607 663 1638 anno
697 1595 766 1638 42.
802 1607 947 1650 usque
980 1595 1036 1637 ad
1070 1594 1139 1637 48.
1173 1597 1305 1651 gesta
1339 1593 1442 1637 sint.
1464 1595 1496 1648 2)

443 1665 590 1721 Atque
637 1671 842 1708 extremo
888 1665 939 1707 X.
986 1665 1135 1721 capite
1198 1666 1336 1707 refert
1382 1665 1653 1721 legationem
1700 1664 1806 1707 Par-

301 1737 481 1779 thorum
511 1734 705 1781 Romam.
733 1736 921 1780 missam
955 1749 1076 1792 esse,
1110 1735 1193 1779 sed
1234 1748 1350 1792 quae
1391 1734 1446 1778 ibi
1481 1739 1701 1779 assecuta
1734 1736 1806 1787 sit,

303 1806 376 1849 Xll
412 1808 457 1849 10
490 1806 669 1849 demum
706 1811 995 1863 exponuntur
1033 1805 1200 1862 nuptiis
1236 1805 1408 1849 Claudii
1451 1810 1495 1849 et
1533 1806 1808 1862 Agrippinae

303 1880 408 1920 ante
442 1876 698 1932 descriptis.
745 1876 894 1933 Legati
919 1876 1203 1927 Parthorum,
1234 1875 1274 1918 id
1299 1876 1417 1931 quod
1443 1875 1557 1918 infra
1582 1875 1807 1933 intellege-

303 1959 418 1996 mus,
465 1950 668 1989 extremo
714 1960 834 1989 anno
880 1948 949 1989 48.
996 1948 1064 1989 vel
1107 1947 1290 1989 ineunte
1330 1947 1398 1988 49.
1446 1947 1520 2000 (cf.
1564 1946 1718 2001 Xll10)
1765 1947 1807 1989 in

303 2020 513 2076 senatum
549 2015 791 2059 introducti
826 2029 933 2059 esse
967 2016 1185 2068 videntur,
1220 2029 1309 2072 qua
1344 2016 1517 2059 ratione
1550 2015 1727 2067 accidit,
1763 2020 1811 2059 ut

303 2086 483 2129 Tacitus
516 2087 604 2129 hoc
639 2087 738 2129 loco
773 2086 923 2142 (Xl10)
957 2087 1044 2129 iam
1078 2086 1326 2142 scripserit,
1361 2100 1477 2142 quae
1510 2086 1690 2130 biennio
1713 2087 1809 2130 fere

304 2159 409 2212 post
451 2156 507 2199 ad
553 2155 689 2198 finem
741 2155 958 2211 perducta
991 2160 1111 2199 sunt.
1176 2156 1290 2199 Nam
1337 2169 1440 2199 cum
1485 2156 1595 2199 X111
1644 2156 1806 2212 pergit:

305 2226 452 2269 lsdem
486 2227 752 2269 consulibus
786 2226 873 2269 ludi
907 2228 1203 2270 saeculares.
1225 2261 1233 2269 .
1258 2261 1265 2269 .
1287 2261 1294 2269 .
1330 2227 1386 2269 ad
1411 2240 1578 2269 annum
1603 2228 1671 2270 47.
1698 2227 1810 2269 redit

304 2298 360 2340 ad
394 2309 600 2340 mensem
636 2296 848 2352 Aprilem.
895 2297 1037 2341 Roma
1071 2297 1188 2340 enim
1223 2296 1405 2340 condita
1440 2301 1524 2348 est,
1560 2296 1808 2340 Varronem

304 2367 342 2410 si
381 2366 626 2423 sequimur,
672 2380 711 2410 a.
753 2368 793 2410 d.
827 2367 879 2410 X.
921 2367 1016 2414 Kal.
1054 2367 1153 2410 Mai.
1192 2366 1353 2422 hisque
1392 2367 1553 2411 diebus
1593 2367 1811 2411 Claudius

304 2437 403 2481 sine
437 2436 570 2480 dubio
604 2438 870 2481 saeculares
903 2437 1035 2481 ludos
1068 2436 1327 2489 celebravit,
1372 2441 1477 2493 post
1510 2450 1627 2493 quos
1660 2437 1811 2481 munia

449 2532 476 2576 ¹)
504 2531 589 2574 Qua
616 2531 808 2578 diligentia
836 2542 894 2568 res
915 2532 951 2568 in
973 2533 1105 2568 senatu
1127 2533 1241 2576 actae,
1269 2533 1455 2578 quatenus
1476 2532 1522 2568 ad
1544 2531 1807 2578 imperatorem

305 2591 551 2636 pertinebant,
590 2591 681 2626 actis
702 2593 874 2636 receptae
901 2591 984 2634 sint,
1023 2602 1070 2627 ex
1097 2602 1141 2626 ea
1168 2602 1206 2626 re
1233 2601 1455 2637 cognoscas,
1482 2591 1585 2636 quod
1612 2591 1669 2626 vel
1697 2591 1812 2626 accla—

306 2649 492 2685 mationes
518 2650 663 2694 patrum
698 2660 774 2685 non
811 2649 934 2685 solum
971 2652 1124 2685 senatus
1163 2650 1255 2685 actis
1282 2649 1565 2695 recipiebantur,
1605 2649 1672 2684 sed
1700 2649 1810 2684 etiam

305 2709 341 2743 in
369 2707 517 2752 publica
544 2709 624 2742 acta
651 2708 893 2743 mittebantur
919 2708 1029 2753 (Plin.
1057 2719 1233 2753 panegyr.
1261 2708 1334 2751 75).
1389 2708 1446 2742 De
1479 2708 1569 2742 actis
1597 2712 1750 2743 senatus
1777 2710 1814 2742 et

306 2764 638 2802 acclamationibus
678 2768 835 2811 patrum,
876 2766 920 2801 cf.
959 2766 1051 2801 Otto
1092 2766 1304 2801 Hirschfeld
1351 2767 1387 2800 in
1421 2765 1522 2800 Actis
1563 2766 1651 2812 Reg.
1696 2767 1812 2801 Acad.

307 2824 427 2861 Berol.
457 2826 547 2862 1905
573 2825 682 2861 XLV.

450 2884 478 2926 2)
509 2884 726 2931 Nipperdey
752 2884 799 2920 ad
825 2884 874 2920 Xl
890 2885 923 2921 8.
