2090 3320
846 504 1017 562 Caput
1049 506 1277 551 tertium.

460 585 534 630 De
569 587 873 631 auctoribus
907 588 1195 632 duodecimi
1232 588 1488 632 annalium
1522 589 1651 633 libri.

443 714 535 773 Jam
571 714 743 769 pridem
778 715 1000 771 suspicati
1034 728 1196 757 sumus
1219 714 1423 758 Tacitum
1449 716 1505 758 ab
1532 716 1654 758 initio
1678 715 1812 760 huius

212 815 216 823 .
300 785 395 828 libri
436 798 576 840 opere
617 784 821 828 Pliniano
862 798 994 828 usum
1038 798 1158 836 esse,
1204 789 1340 841 atque
1380 784 1436 828 ibi
1477 785 1564 829 iam
1604 785 1812 838 diximus,

300 867 441 909 quare
476 855 516 897 id
552 855 884 897 concludamus
917 857 991 907 (cf.
1027 867 1128 911 pag.
1153 856 1210 907 7).
1260 856 1328 898 Ac
1361 868 1450 910 quo
1484 856 1646 899 melius
1678 856 1812 899 linea-

300 929 454 968 menta
499 925 630 968 nobis
673 926 911 982 proposita
954 939 1207 976 servemus,
1266 925 1384 981 quod
1429 925 1515 970 illic
1564 925 1810 978 attulimuS,

300 995 460 1038 iterum
496 995 566 1038 hic
602 1008 900 1052 exponemus.
966 996 1091 1039 initio
1124 995 1214 1039 ΧΗ.
1249 996 1345 1039 libri
1378 996 1577 1052 scriptor
1611 995 1809 1052 aliquan·

305 1070 399 1108 tum
435 1066 476 1108 in
512 1066 680 1122 nuptiis
715 1066 887 1110 Claudii
923 1070 967 1110 et
1006 1066 1283 1123 Agrippinae
1319 1066 1559 1109 narrandis
1591 1070 1813 1120 versatur,

299 1141 436 1192 atque
470 1142 561 1179 tam
597 1137 744 1180 lucide
777 1141 821 1180 et
854 1137 1067 1180 distincte
1101 1150 1262 1180 omnes
1295 1139 1381 1181 has
1411 1151 1487 1181 res
1511 1138 1578 1180 vel
1604 1138 1812 1181 minimas

297 1207 448 1259 tradit,
493 1211 540 1250 ut
575 1207 741 1251 credas
776 1220 877 1251 eum
913 1207 1255 1251 commentariis
1299 1207 1360 1251 uti
1401 1207 1605 1261 alicuius,
1649 1209 1722 1264 qui
1768 1209 1809 1252 in

298 1279 419 1321 cultu
484 1280 616 1321 aulae
680 1277 999 1334 imperatoriae
1063 1278 1370 1322 consenuerit.
1443 1278 1534 1337 Jam
1604 1278 1809 1333 vidimus,

299 1353 468 1404 quanta
510 1362 619 1404 pars
662 1348 703 1391 in
745 1348 995 1392 Messalina
1035 1349 1241 1392 adulterii
1281 1349 1592 1393 convincenda
1640 1349 1812 1393 libertis

296 1418 543 1463 obvenerit.
607 1419 756 1475 Atque
790 1418 950 1462 eadem
986 1422 1136 1462 mente
1169 1418 1368 1471 Tacitus,
1419 1432 1520 1463 cum
1555 1419 1610 1463 de
1644 1419 1810 1476 nuptiis

302 1490 474 1534 Claudii
510 1491 662 1542 refert,
696 1489 900 1533 scribere
940 1489 1097 1547 pergit.
1164 1490 1396 1533 Prioribus
1436 1491 1615 1534 duobus
1657 1489 1810 1546 capiti-

298 1562 383 1605 bus
427 1560 515 1615 xil.
556 1560 655 1604 libri
696 1564 928 1604 certamen
976 1560 1239 1604 libertorum
1285 1561 1339 1604 de
1383 1573 1526 1605 uxore
1572 1560 1810 1619 deligenda

300 1636 524 1674 narratur.
589 1630 805 1688 Singulas
854 1645 944 1684 res,
999 1645 1115 1687 quas
1155 1631 1341 1675 Tacitus
1387 1632 1648 1675 verbosius
1675 1645 1809 1688 quarn

298 1702 397 1747 eius
444 1706 514 1745 est
560 1715 687 1754 usus,
737 1702 936 1758 exponit,
987 1704 1106 1758 apud
1151 1702 1420 1746 Suetonium
1465 1702 1506 1745 in
1556 1706 1809 1758 conspectu

298 1773 474 1827 positas
517 1772 773 1828 reperimus
813 1772 988 1827 (Claud.
1023 1773 1116 1825 26):
1166 1772 1261 1816 Nec
1304 1773 1470 1816 durare
1510 1773 1658 1825 valuit,
1704 1772 1808 1828 quin

296 1844 351 1886 de
386 1842 731 1886 condicionibus
772 1841 986 1886 continuo
1024 1846 1258 1896 tractaret,
1305 1841 1439 1886 etiam
1483 1842 1538 1886 de
1580 1841 1809 1896 Paetinae,

296 1927 431 1969 quam
479 1915 582 1956 olim
631 1917 861 1970 exegerat,
909 1914 1054 1969 deque
1099 1914 1264 1957 Lolliae
1308 1913 1537 1956 Paulinae.
1587 1939 1640 1944 -—
1690 1914 1808 1957 idem

296 1984 415 2040 apud
474 1983 678 2027 Tacitum
735 1987 826 2027 est:
894 1982 1091 2026 Primum
1148 1982 1365 2027 Claudius
1419 1982 1634 2036 „caelibis
1693 1984 1809 2027 vitae

295 2055 544 2098 intolerans
607 2059 653 2098 et
715 2055 959 2111 coniugum
1024 2054 1223 2111 imperiis
1286 2053 1540 2098 obnoxius“
1603 2053 1807 2097 traditur.

295 2125 466 2169 Deinde
513 2126 721 2182 singulae
766 2124 964 2168 feminae
1010 2128 1055 2168 et
1094 2125 1169 2180 qui
1212 2124 1278 2167 eis
1323 2125 1537 2167 favebant
1581 2124 1724 2167 liberti
1764 2128 1809 2168 et

292 2209 409 2251 quas
453 2197 709 2240 afferebant
752 2195 1190 2253 argumentationes,
1246 2198 1583 2238 enumerantur.
1648 2194 1807 2250 Neque

293 2272 445 2311 autem
482 2268 552 2310 his
586 2268 725 2310 rebus
760 2267 1035 2310 concludere
1079 2265 1183 2308 licet
1215 2264 1419 2308 Tacitum
1461 2269 1506 2308 et
1538 2264 1806 2309 Suetonium

292 2339 486 2382 eundem
529 2338 751 2382 habuisse
792 2341 1051 2380 auctorem:
1101 2336 1366 2393 Sequuntur
1407 2336 1527 2393 apud
1568 2339 1806 2391 utrumque

291 2410 406 2453 haec
440 2411 577 2452 verba
612 2408 722 2451 mira
763 2407 959 2464 quadam
1008 2407 1182 2449 ratione
1228 2406 1341 2449 inter
1386 2420 1438 2449 se
1484 2405 1805 2463 congruentia:

290 2480 431 2523 Tacit.
466 2479 587 2521 X113
622 2479 924 2521 Praevaluere
957 2479 1073 2520 haec
1106 2477 1259 2520 adiuta
1294 2476 1571 2533 Agrippinae
1605 2476 1805 2520 inlece-

290 2550 422 2593 bris:
473 2549 529 2592 ad
572 2562 674 2592 eum
716 2561 795 2604 per
836 2547 1037 2604 speciem
1082 2546 1435 2590 necessitudinis
1474 2547 1634 2590 crebro
1667 2545 1805 2590 venti-

289 2621 427 2664 tando
462 2620 672 2676 pellicit
707 2623 931 2675 patruum,
967 2623 1013 2661 ut
1048 2618 1249 2674 praelata
1280 2617 1461 2669 ceteris,
1496 2616 1581 2661 etsi
1606 2617 1804 2660 nondum

289 2706 415 2743 uxor,
450 2690 654 2748 potentia
689 2690 847 2734 uxoria
882 2690 968 2733 iarn
1004 2692 1221 2733 uteretur.

431 2763 556 2806 Suet.
581 2761 670 2804 vita
696 2761 853 2805 Claud.
877 2762 956 2803 26:
991 2760 1152 2803 Verum
1188 2759 1482 2802 inlecebris
1516 2758 1804 2814 Agrippinae,

290 2833 547 2878 Germanici
582 2833 736 2875 fratris
769 2831 839 2874 sui
872 2831 1005 2881 filiae,
1052 2843 1131 2886 per
1166 2830 1236 2873 ius
1270 2831 1530 2873 osculorum
1570 2832 1614 2872 et
1651 2828 1803 2872 bland-

290 2903 467 2947 itiarum
502 2902 778 2946 occasiones
813 2901 1086 2957 pellectus
1120 2900 1162 2943 in
1196 2913 1519 2943 amorem
