2090 3320
1009 242 1060 283 31

417 380 602 424 Tacitus
636 383 878 435 postquam
913 379 1161 436 principem
1198 379 1441 424 Corbuloni
1478 378 1670 435 insignia
1711 378 1784 422 tri-

278 450 428 507 umphi
468 450 713 493 indulsisse
754 450 967 503 narravit,
1015 450 1131 495 idem
1179 451 1234 495 de
1277 449 1432 495 Curtio
1476 449 1591 494 Rufo
1631 450 1783 499 refert,

276 522 358 564 sed
393 521 526 563 huius
559 520 621 563 rei
654 522 783 563 solus
815 520 949 564 testis
981 524 1066 573 est,
1108 534 1197 577 qua
1238 522 1293 564 de
1326 534 1375 564 re
1409 532 1510 577 pag.
1547 521 1603 563 19.
1639 520 1780 576 scrip·

276 591 433 643 simus,
468 591 539 634 ubi
574 591 897 644 conclusimus,
931 604 989 634 ex
1021 592 1138 635 actis
1174 597 1369 635 senatus
1403 594 1635 646 sumptam
1660 603 1782 634 esse.

277 661 410 710 Quod
445 661 500 705 ibi
534 661 589 705 de
624 660 778 705 Curtio
813 662 997 717 legerat,
1032 661 1340 705 commovisse
1374 674 1476 705 eum
1512 660 1700 713 videtur,
1736 664 1783 704 ut

276 732 332 776 de
366 732 537 788 origine
560 735 589 784 1)
624 733 753 787 plura
786 735 1043 787 quaereret,
1084 735 1221 786 atque
1262 733 1523 786 complures
1567 734 1784 774 auctores

277 802 396 855 adiit,
439 816 628 859 quorum
673 802 835 859 cuique
875 802 1067 846 eandem
1108 801 1244 846 fidem
1286 814 1375 845 non
1419 802 1621 845 haberet.
1687 801 1784 845 Nos

277 873 319 916 in
354 873 421 917 eis
453 874 598 917 fuisse
630 874 773 917 ferme
808 872 995 916 Plinium
1029 872 1335 929 suspicamur,
1370 872 1489 928 quod
1515 871 1701 916 Curtius
1741 872 1783 915 in

281 943 525 988 Germania
559 948 650 988 tum
692 945 843 987 fuerat
885 948 1021 1000 atque
1055 944 1111 987 de
1150 956 1205 987 eo
1240 943 1477 987 mirificum
1512 942 1615 986 illud
1649 955 1783 986 omen

275 1015 483 1067 refertur,
533 1016 571 1058 id
618 1015 737 1071 quod
784 1027 841 1058 ex
887 1027 972 1057 usu
1019 1014 1221 1057 Pliniano
1267 1014 1412 1057 fuisse
1457 1013 1574 1057 inter
1620 1025 1783 1056 omnes

274 1089 468 1127 constat.
533 1084 785 1141 Neglegere
826 1085 1036 1127 nolumus
1070 1084 1260 1127 Plinium
1303 1084 1536 1135 minorem,
1571 1084 1644 1139 qui
1678 1083 1778 1126 sine

276 1154 408 1198 dubio
442 1155 615 1211 scripta
649 1154 795 1211 patrui
830 1154 998 1211 optime
1032 1158 1235 1207 noverat,
1270 1154 1402 1207 idem,
1437 1154 1556 1211 quod
1579 1153 1779 1206 TacituS,

273 1229 409 1281 atque
458 1225 600 1268 isdem
649 1225 747 1268 fere
793 1224 944 1268 verbis
991 1224 1174 1268 tradere
1227 1226 1345 1280 (epp.
1387 1224 1612 1278 vll27,2).
1677 1225 1780 1272 Quo

276 1295 471 1351 epistula
504 1295 689 1338 Tacitus
731 1308 846 1337 usus
886 1308 973 1338 non
1014 1299 1099 1338 est.
1163 1294 1320 1351 Neque
1363 1294 1478 1337 enim
1518 1296 1639 1350 apud
1678 1308 1780 1337 eum

273 1365 492 1421 scriptum
534 1365 724 1422 legimus
765 1364 921 1409 Curtio
968 1365 1235 1417 „accedenti
1284 1364 1607 1421 Carthaginem
1653 1378 1779 1422 cgreae

273 1435 503 1491 dientique
552 1448 668 1477 nave
717 1435 910 1477 eandem
955 1434 1150 1491 figuram
1201 1435 1243 1477 in
1293 1435 1421 1478 litore
1471 1434 1777 1478 occurrisse.“

273 1504 400 1558 (plin.
435 1507 459 1559 §
492 1506 550 1556 3.)
584 1504 733 1560 Atque
767 1506 882 1547 baec
922 1504 1057 1547 etiam
1102 1504 1271 1548 Plinius
1313 1505 1458 1548 minor
1491 1506 1610 1561 apud
1645 1506 1778 1548 alium

272 1578 507 1618 auctorem
542 1575 721 1626 invenit,
755 1574 874 1630 quod
907 1573 1061 1617 verbis
1095 1574 1193 1617 eius
1227 1575 1517 1618 manifestum
1542 1575 1613 1618 fit:
1649 1588 1778 1631 prae-

272 1649 399 1687 terea
434 1649 659 1688 narratur.

418 1715 593 1767 „lsdem
628 1716 894 1759 consulibus
929 1714 975 1758 Ρ.
1003 1713 1234 1759 Dolabella
1259 1716 1439 1759 censuit
1462 1717 1778 1772 spectaculum

271 1786 571 1842 gladiatorum
626 1796 707 1841 per
767 1799 928 1829 omnes
988 1799 1136 1830 annos
1196 1786 1520 1828 celebrandum
1584 1787 1779 1842 pecunia

272 1868 444 1907 eorum,
485 1856 557 1911 qui
603 1859 899 1911 quaesturam
940 1856 1350 1912 adipiscerentur.“
1415 1855 1632 1899 Claudius
1680 1856 1778 1912 ipse

273 1927 391 1969 hanc
445 1927 590 1983 legem
645 1926 805 1969 tulisse
863 1925 1234 1982 Dolabellamque
1288 1929 1524 1969 auctorem
1577 1926 1777 1970 edidisse

270 1995 460 2039 videtur.
524 1995 656 2052 Apud
692 1996 959 2040 Suetonium
994 1997 1125 2049 enim,
1174 1997 1247 2039 ubi
1282 1997 1442 2040 eadem
1477 2009 1553 2041 res
1586 1997 1779 2040 traditur

271 2066 445 2122 (Claud.
480 2067 567 2122 24),
615 2067 787 2111 Claudii
841 2068 987 2110 solum
1040 2080 1205 2110 nomen
1252 2067 1526 2123 reperimus:
1578 2067 1777 2124 Collegio

271 2140 567 2191 quaestorum
623 2150 704 2193 pro
759 2140 960 2180 stratura
1017 2138 1190 2180 viarum
1242 2137 1557 2194 gladiatorium
1611 2151 1777 2181 munus

269 2206 468 2250 iniunxit.
519 2234 574 2238 -
621 2207 689 2250 Ac
730 2206 965 2250 Claudium
1006 2208 1141 2251 huius
1181 2208 1294 2264 legis
1335 2212 1570 2251 auctorem
1617 2209 1775 2261 fuisse,

271 2289 359 2320 non
396 2277 687 2328 Dolabellam,
737 2290 793 2320 ex
832 2278 920 2320 alio
963 2278 1064 2320 loco
1097 2277 1282 2321 Taciteo
1317 2278 1656 2334 cognoscimus,
1703 2279 1775 2321 ubi

269 2346 325 2390 de
358 2348 551 2390 sublatis
585 2348 764 2390 duobus
798 2347 959 2391 edictis
984 2347 1156 2392 Claudii
1188 2352 1260 2391 est
1294 2348 1405 2401 (Xlll
1426 2349 1492 2401 5):
1526 2349 1776 2406 Agrippina

271 2418 548 2462 adversante
571 2421 802 2474 tamquam
827 2422 932 2462 acta
956 2418 1128 2463 Claudii
1152 2419 1545 2463 subverterentur.
1591 2419 1775 2477 Optimo

267 2488 401 2545 igitur
448 2489 542 2533 iure
588 2489 738 2533 dicere
786 2489 918 2534 nobis
964 2489 1170 2533 videmur
1218 2503 1275 2533 ex
1322 2490 1553 2535 sententia
1602 2490 1774 2536 Claudii

268 2553 478 2615 exposita
512 2572 634 2611 esse,
668 2572 785 2615 quae
818 2560 890 2602 hic
924 2563 999 2613 (an
1031 2560 1292 2604 Dolobellae
1316 2561 1510 2614 verbis2)
1545 2562 1600 2605 de
1638 2575 1773 2618 quaet

267 2629 411 2672 storio
445 2642 631 2673 munere
664 2629 784 2673 dicta
817 2634 937 2673 sunt.
989 2631 1077 2674 Leo
1111 2630 1289 2686 quidem
1331 2630 1430 2684 (Die
1462 2634 1773 2676 staatsrechtl.

268 2698 492 2752 Excurse)
527 2703 656 2756 putat
679 2700 883 2744 Tacitum
917 2700 1076 2744 librum
1111 2701 1167 2745 de
1200 2701 1295 2744 iure
1327 2702 1506 2758 publico
1540 2692 1772 2754 habuisse,

265 2768 309 2811 in
343 2782 446 2825 quo,
495 2783 813 2826 quaecumque
858 2784 914 2814 ex
962 2772 1213 2827 principum
1260 2773 1489 2815 sententia
1532 2772 1574 2815 in
1608 2778 1772 2817 senatu

411 2922 438 2965 ¹)
453 2921 615 2959 Alterius
631 2923 795 2960 hominis
810 2924 995 2971 originem
1010 2935 1051 2961 se
1062 2925 1296 2971 quaesivisse
1311 2925 1461 2961 Tacitus
1476 2925 1558 2961 V17
1572 2928 1664 2962 extr.
1676 2926 1772 2962 dicit.
