2090 3320
831 219 1164 284 -—59-.

273 357 524 414 orationem
569 358 706 402 etiam
752 356 931 415 longius
979 369 1115 413 quam
1150 355 1324 400 Claudii
1373 355 1558 413 exponit
1600 354 1787 399 Tacitus

273 428 573 483 minimasque
616 428 757 470 refert
802 439 891 478 res,
937 439 1053 481 quas
1087 418 1320 481 ‘nusquam
1366 426 1451 469 nisi
1490 427 1533 469 in
1576 427 1783 481 exemplo

273 498 407 542 huius
451 495 673 541 orationis
719 496 918 553 reperire
970 496 1126 552 potuit.
1191 494 1325 544 Quod
1355 496 1633 552 ‘exemplum
1678 494 1783 552 quin

274 567 561 623 potissimum
596 565 638 608 in
673 566 790 609 actis
823 568 1016 614 senatus
1048 565 1087 607 ei
1121 565 1377 621 reperiundi
1400 567 1599 608 facultas
1633 564 1782 616 fuerit,

273 636 373 693 quis
406 635 609 680 dubitet?
643 634 968 680 Concludimus
1000 634 1133 693 igitur
1164 648 1280 689 eum,
1315 648 1432 692 quae
1465 635 1535 680 his
1568 638 1784 693 quattuor

274 708 498 764 capitibus
532 706 864 763 (LX.—LXlll.)
888 705 1038 758 tradit,
1072 719 1129 749 ex
1151 710 1343 749 senatus
1367 706 1484 749 actis
1508 705 1780 762 sumpsisse.

417 777 462 820 ln
496 778 765 821 enarrandis
804 778 943 821 rebus
982 789 1103 819 anno
1146 779 1252 832 post
1282 767 1388 820 Chr.
1430 791 1471 820 n.
1515 778 1585 820 54.
1624 775 1781 833 gestis,

274 846 347 903 qui
373 846 546 891 Claudii
581 848 765 892 ultimus
789 851 901 899 erat,
933 846 1120 890 Tacitus
1154 846 1345 902 primum
1370 847 1575 904 prodigia
1599 859 1782 890 enume-

273 920 357 969 rat,
406 930 522 972 quae
578 917 736 961 eadem
783 917 864 960 Dio
918 920 962 960 et
1013 915 1277 968 Suetonius,
1330 915 1456 959 Plinii
1507 920 1780 960 sectatores.

275 986 421 1035 Quem
456 987 498 1032 in
533 988 774 1032 scribenda
807 987 995 1032 historia
1019 986 1135 1031 inter
1167 999 1329 1031 omnes
1363 990 1546 1031 constat
1578 986 1782 1045 prodigia

273 1057 520 1114 collegisse
554 1058 890 1113 memoriaeque
924 1057 1191 1113 prodidisse,
1236 1057 1367 1099 cuius
1401 1057 1462 1099 rei
1496 1057 1537 1099 in
1572 1057 1671 1100 eius
1704 1069 1780 1098 na-

271 1129 402 1171 turali
437 1128 623 1172 historia
656 1128 772 1172 satis
805 1128 1114 1183 exemplorum
1147 1131 1266 1170 sunt.
1331 1127 1481 1183 Atque
1521 1128 1608 1170 bac
1641 1127 1697 1170 de
1731 1140 1779 1170 re

271 1202 315 1241 et
348 1198 451 1254 quid
486 1211 541 1241 ex
575 1211 629 1241 ea
663 1197 871 1242 concludi
906 1197 1065 1254 possit,
1112 1196 1200 1239 iam
1242 1210 1384 1253 supra
1429 1196 1623 1240 diximus
1658 1197 1778 1254 (pag.

270 1269 327 1311 53
360 1269 416 1311 ad
450 1268 524 1311 Xll
545 1263 633 1324 43).
688 1268 820 1316 Quae
853 1267 1057 1323 prodigia
1090 1265 1338 1309 Suetonius
1381 1266 1556 1319 (Claud.
1590 1267 1663 1319 46)
1698 1266 1779 1309 Dio

272 1337 415 1381 LX35
449 1337 540 1381 init.
573 1338 679 1381 Tac.
714 1337 865 1380 >0164
897 1336 1193 1388 tradiderunt,
1228 1336 1559 1391 componimus.

271 1408 397 1452 Suet.
433 1408 589 1453 Claud.
623 1409 699 1451 46:
741 1407 990 1464 Praesagia
1032 1407 1191 1451 mortis
1225 1407 1324 1451 eius
1357 1406 1602 1463 praecipua
1635 1407 1779 1449 fuere:

271 1483 460 1522 exortus
484 1478 673 1523 crinitae
700 1478 874 1530 stellae,
909 1491 1044 1533 quam
1069 1481 1277 1521 cometen
1303 1481 1483 1529 vocant,
1517 1481 1781 1533 tactumque

271 1549 327 1591 de
371 1549 500 1592 caelo
544 1551 885 1591 monumentum
932 1547 1066 1590 Drusi
1113 1547 1256 1603 patris
1276 1551 1319 1599 1),
1365 1551 1410 1589 et
1454 1547 1572 1602 quod
1618 1547 1779 1590 eodem

270 1632 390 1662 anno
423 1632 480 1662 ex
512 1618 710 1663 omnium
744 1617 1092 1675 magistratuum
1133 1628 1303 1673 genere
1343 1617 1547 1673 plerique
1588 1620 1778 1661 mortem

270 1688 489 1732 obierant.

267 1759 389 1802 Οὕτω
419 1761 496 1814 μὲν
538 1762 561 1803 ὁ
608 1757 809 1807 ’Κλαύδιος
842 1761 987 1815 μετήλ-
1064 1759 1116 1794 Μ.
1144 1758 1277 1794 Asinio
1297 1758 1487 1794 M'.Acilio
1508 1768 1536 1794 c.
1558 1768 1587 1793 c.
1608 1757 1780 1793 mutatio:

268 1820 388 1866 λαξεν
419 1821 460 1864 ἐς
489 1821 609 1860 τοῦτό
646 1837 687 1861 τε
724 1822 750 1860 ὅ
784 1837 824 1861 τε
863 1821 989 1873 ‘20Y2'29
1061 1828 1149 1852 nem
1178 1828 1299 1852 rerum
1338 1818 1373 1851 in
1406 1818 1573 1852 deterius
1608 1817 1779 1862 portendi

265 1878 293 1917 ’ὁ
323 1879 510 1933 κομήτης
533 1880 596 1919 ἐπὶ
625 1880 809 1920 πλεῖστον
831 1879 989 1932 ὀφθείς,
1061 1875 1252 1922 cognitum
1281 1878 1337 1911 est
1363 1875 1501 1911 crebris
1527 1874 1732 1921 prodigiis:

268 1938 338 1977 καὶ
371 1939 393 1990 ἡ
419 1939 562 1989 ψεκάς
594 1940 618 1991 ἡ
652 1939 903 1991 αἱματώδης,

269 1996 295 2035 ὅ
324 2012 364 2036 τε
395 1996 578 2049 σκηπτὸς
610 1997 632 2036 ὁ
665 1997 705 2041 ἒς
732 1996 778 2036 τὰ
802 1998 990 2050 ὃσρυφο-
1062 1998 1178 2044 Signa
1215 2009 1258 2034 ac
1294 1999 1453 2034 tentoria
1494 1999 1652 2036 militum
1693 1998 1779 2043 igne

269 2054 363 2105 ρικὰ
397 2059 546 2106 σημεῖα
581 2056 784 2110 ἐμπεσών,
1064 2057 1214 2092 caelesti
1241 2068 1383 2099 arsere;

267 2112 311 2151 τό
342 2128 383 2152 τε
421 2117 578 2166 σμῆνος
609 2113 653 2152 τὸ
692 2114 734 2152 ἐν
774 2118 833 2166 τῷ
871 2128 990 2165 στρα-
1064 2114 1253 2159 fastigium
1271 2114 1446 2159 Capitolii
1469 2125 1629 2149 examen
1652 2114 1778 2159 apium

269 2172 471 2224 τσπὲὁῳ2)
495 2173 739 2224 σινστρα([)έν,
773 2173 840 2212 καὶ
864 2173 922 2212 ὅτι
945 2172 988 2218 ἐξ
1063 2173 1201 2208 insedit
1213 2173 1260 2217 3);
1337 2173 1613 2208 Numerabatur
1687 2173 1781 2207 inter

268 2230 443 2270 ἁπασῶν
466 2234 548 2271 τῶν
571 2231 714 2284 ἀρχῶν
733 2231 787 2275 εἷς
805 2231 873 2284 ἀφ’
897 2231 991 2270 ἑκά-
1063 2232 1212 2266 ostenta
1232 2231 1449 2266 deminutus
1472 2231 1642 2266 omnium
1665 2231 1781 2276 inagi-

268 2306 363 2343 στης
381 2289 641 2343 ἐτελεύτησεν,
664 2290 781 2337 ἔδοξε
803 2295 991 2344 σημῆναι.
1065 2291 1246 2325 stratuum]
1274 2300 1465 2325 numerus.

418 2401 444 2446 ¹)
472 2401 572 2447 apud
603 2401 771 2437 Tacitum
801 2403 836 2437 et
864 2401 1027 2437 Dionem
1055 2403 1128 2437 est:
1156 2401 1263 2447 signa
1291 2401 1471 2438 militaria.

412 2464 440 2507 ‘-')
469 2465 552 2500 loco
590 2465 760 2501 vocabuli
799 2463 1067 2515 στρατοπέδῳ
1105 2466 1230 2511 potius
1270 2476 1353 2501 cum
1393 2466 1522 2501 Tacito
1563 2466 1777 2501 scribimus:

268 2530 524 2584 Καπιτσλίῳ,·
559 2536 661 2580 quod
690 2535 788 2571 enim
817 2547 976 2572 examen
1013 2537 1139 2582 apium
1175 2537 1211 2571 in
1247 2539 1375 2572 castris
1408 2537 1555 2580 insedit,
1595 2538 1691 2572 haec
1719 2548 1777 2573 res

267 2609 342 2634 non
361 2601 444 2633 -tam
473 2599 565 2634 mira
592 2602 627 2634 et
653 2599 872 2644 prodigiosa
899 2600 1044 2635 videtur
1078 2611 1191 2645 quam
1228 2602 1264 2635 in
1292 2600 1494 2645 Capitolio,
1534 2611 1685 2636 summo
1713 2612 1779 2646 po-

268 2656 343 2702 puli
366 2656 524 2694 Romani
551 2657 705 2703 templo.
747 2657 862 2699 Quod
886 2657 959 2693 Dio
987 2658 1138 2703 saepius
1160 2658 1347 2693 eiusmodi
1370 2659 1544 2704 peccavit,
1572 2659 1616 2694 ef.
1632 2658 1777 2694 Gercke

270 2716 292 2751 l.
322 2726 351 2750 S.
378 2726 462 2761 pag.
492 2717 569 2758 181,
597 2716 660 2751 ubi
688 2716 881 2762 complura
909 2717 1083 2762 exempla
1112 2719 1209 2752 sunt.

411 2774 439 2817 3)
467 2774 570 2820 quod
611 2774 683 2810 hoc
721 2775 804 2811 loco
843 2776 993 2811 Tacitus
1030 2775 1117 2811 dicit
1164 2775 1227 2821 (de
1272 2775 1496 2811 biformibus
1541 2776 1776 2821 hominibus)

266 2834 443 2868 omittunt
469 2832 672 2868 Suetonius
707 2833 787 2879 (qui
813 2834 1013 2880 praecipua
1049 2835 1245 2880 praesagia
1273 2846 1313 2870 se
1339 2835 1539 2871 tradidisse
1566 2834 1776 2881 profitetur)

265 2892 301 2926 et
318 2890 390 2926 Dio
411 2893 447 2927 ct
463 2891 614 2936 Plinius,
630 2892 693 2938 qui
714 2892 787 2928 alio
808 2892 891 2929 loco
912 2892 1126 2938 complures
1142 2892 1473 2939 hermaphroditos
1488 2896 1777 2929 commemorat.
