2090 3320
1032 191 1086 234 55

301 343 474 383 revera,
508 344 626 387 quae
657 329 805 381 tradit,
851 342 954 373 cum
998 329 1291 385 inscriptione
1333 341 1361 371 a
1394 326 1534 371 Plinio
1574 328 1715 371 relata
1749 326 1806 370 ad

300 400 487 444 verbum
520 402 792 457 congruunt.
857 399 1015 443 Utrum
1047 402 1239 444 senatus
1281 397 1398 442 actis
1437 397 1549 454 ipsis
1586 410 1702 440 *usus
1734 400 1807 441 est

301 484 358 513 an
407 469 525 513 illam
576 471 775 513 tabulam
824 470 971 513 novit?
1033 469 1176 513 Nobis
1221 481 1311 512 non
1359 468 1445 512 iam
1495 467 1677 511 dubium
1722 472 1806 520 est,

302 540 406 596 quin
439 543 544 584 acta
578 538 842 596 inspexerit.
905 539 1020 583 Nam
1062 552 1119 583 ex
1158 539 1258 582 sola
1297 538 1452 582 tabula
1486 551 1712 595 nusquam
1746 537 1806 581 in·

302 611 455 654 venire
489 610 646 667 potuit,
681 609 781 665 quis
814 609 914 653 illos
936 612 1138 653 honores
1162 609 1351 652 Pallanti
1375 609 1608 653 censuerit
1641 609 1807 664 (Barea

302 680 512 724 Soranus
546 679 640 732 CD)
674 693 821 736 neque
861 679 961 735 quis
1000 682 1154 736 grates
1194 678 1416 723 addiderit
1449 692 1596 735 neque
1630 678 1807 723 Claudi-

303 763 376 793 um
409 750 714 794 adseverasse
746 754 1010 794 contentum
1056 751 1145 794 hoc
1186 750 1360 793 honore
1400 749 1648 793 Pallantem
1682 763 1803 794 esse.

303 821 451 869 Quam
485 821 719 878 diligenter
751 824 795 865 et
828 821 1039 865 distincte
1071 820 1257 864 Tacitus
1290 821 1346 871 id,
1395 821 1514 876 quod
1555 820 1594 865 ei
1635 833 1805 877 operae

303 891 492 948 pretium
536 892 782 945 videbatur,
828 892 947 949 quod
992 893 1251 944 referretur,
1304 905 1359 935 ex
1408 890 1478 935 illa
1525 890 1806 935 multitudine

302 963 543 1006 verborum
577 963 775 1020 elegerit,
820 976 876 1007 ex
916 962 1040 1006 Plinii
1080 962 1277 1019 epistula
1316 966 1524 1018 apparet.
1588 963 1724 1006 Fabia
1765 962 1807 1005 in

303 1031 425 1084 libro,
460 1045 591 1088 quem
625 1045 765 1089 supra
789 1032 1119 1076 nominavimus
1154 1034 1273 1090 (pag.
1298 1033 1375 1087 12),
1409 1032 1537 1076 aliter
1559 1032 1806 1076 concludit:

304 1102 436 1149 Quod
471 1102 654 1146 Tacitus
688 1102 838 1146 omisit
862 1104 1085 1146 scribere:
1120 1103 1342 1147 Senatum
1366 1103 1608 1161 censuisse
1631 1103 1807 1146 Pallan·

302 1174 394 1214 tem
428 1185 517 1215 non
552 1173 880 1216 exhortandum
905 1172 1063 1216 modo:
1097 1185 1252 1216 verum
1287 1173 1421 1216 etiam
1446 1172 1807 1229 compellendum

304 1242 360 1285 ad
402 1255 535 1286 usum
574 1256 818 1286 aureorum
858 1244 1110 1294 anulorum,
1144 1269 1200 1273 —
1234 1255 1289 1285 ex
1331 1256 1386 1286 ea
1428 1256 1477 1286 re
1517 1243 1808 1287 manifestum

303 1311 399 1356 fieri
434 1325 536 1356 eum
570 1315 675 1356 acta
709 1325 799 1355 non
833 1312 1064 1356 habuisse.
1111 1312 1204 1356 Sed
1238 1312 1337 1369 ipse
1370 1311 1540 1356 Plinius
1566 1316 1808 1370 postquam

305 1386 420 1427 haec
452 1383 647 1437 tradidit,
680 1384 886 1427 scribere
920 1384 1084 1440 pergit:
1120 1384 1251 1427 Levia
1285 1386 1399 1427 haec
1432 1388 1477 1427 et
1505 1385 1809 1428 transeunda!

305 1478 360 1482 —
394 1453 615 1509 Scriptor,
649 1453 814 1510 quippe
848 1453 920 1509 qui
955 1453 1181 1496 maximae
1215 1453 1421 1496 brevitati
1456 1453 1634 1497 dicendi
1657 1455 1809 1497 stude-

306 1527 387 1574 ret,
422 1523 526 1566 huic
559 1524 748 1567 consilio
782 1523 928 1574 amici,
969 1523 1065 1567 sive
1097 1523 1252 1566 sciens
1285 1523 1380 1566 sivc
1414 1523 1643 1575 nesciens,
1678 1525 1809 1567 obse-

307 1596 440 1636 cutus
495 1592 579 1636 nisi
632 1606 749 1649 quae
804 1593 999 1637 maxime
1052 1593 1109 1637 ad
1158 1606 1252 1637 rem
1301 1592 1592 1649 pertinerent,
1646 1593 1810 1637 omisit.

306 1662 415 1707 Sine
449 1663 582 1707 dubio
617 1666 721 1706 acta
753 1666 944 1707 senatus
976 1663 1049 1707 hic
1082 1662 1296 1707 adhibuit.

449 1734 698 1789 Postquam
752 1736 952 1778 honores
1006 1734 1196 1777 Pallanti
1260 1734 1455 1778 tributos
1515 1736 1814 1787 enumeravit,

308 1805 427 1848 nullo
459 1805 598 1848 verbo
632 1803 865 1848 interiecto
899 1803 1100 1848 scribere
1135 1803 1281 1861 pergit
1313 1804 1369 1848 de
1401 1804 1559 1857 Felice,
1595 1804 1812 1849 Pallantis

307 1876 460 1927 fratre,
506 1876 652 1931 deque
691 1876 806 1918 bello
847 1875 1127 1926 ludaeorum,
1174 1888 1262 1930 qua
1302 1875 1357 1919 de
1404 1889 1452 1919 re
1492 1876 1579 1920 iam
1625 1877 1812 1932 saepius

308 1944 501 1988 diximus
536 1946 656 2002 (pag.
691 1946 759 1989 44.
793 1944 896 2002 52),
945 1948 993 1988 ut
1031 1945 1103 1989 hic
1142 1957 1321 2001 quoque
1361 1958 1450 1989 non
1490 1945 1712 1989 audacius
1755 1945 1813 1989 sit

308 2016 535 2071 suspicari
559 2016 763 2059 Tacitum
798 2016 1092 2059 relationibus
1127 2015 1285 2059 Felicis
1318 2017 1434 2059 actis
1465 2020 1659 2060 senatus
1692 2017 1813 2059 addiae

308 2084 366 2128 tis
400 2098 531 2129 usum
566 2098 685 2131 esse.
750 2084 843 2129 Sed
878 2088 925 2128 ut
956 2086 1044 2129 hoc
1076 2084 1216 2129 certis
1250 2085 1530 2142 argumentis
1562 2086 1813 2138 firmemus,

308 2156 380 2199 vix
413 2170 612 2212 unquam
647 2156 892 2213 continget,
927 2157 1193 2213 praesertim
1235 2170 1335 2200 cum
1375 2170 1522 2213 neque
1560 2157 1811 2202 Suetonius

310 2239 456 2283 neque
492 2226 573 2270 Dio
606 2227 767 2270 harum
802 2239 951 2270 rerum
985 2227 1224 2283 quicquam
1257 2226 1533 2271 tradiderint.

454 2298 641 2340 l'leliora
675 2301 806 2339 erunt
844 2298 1141 2340 fundamenta
1175 2297 1276 2339 LVl.
1311 2301 1449 2352 caput
1488 2298 1814 2352 perscrutanti‘

313 2367 413 2420 bus,
449 2367 520 2411 ubi
564 2366 619 2411 de
658 2367 926 2424 spectaculo
965 2366 1276 2420 admonemur,
1321 2368 1439 2423 quod
1479 2367 1641 2425 captivi
1681 2380 1816 2426 reges

311 2439 596 2482 Mithridates
630 2439 703 2495 (cf.
739 2450 840 2495 pag.
874 2440 949 2491 4o;
982 2439 1088 2482 Tac.
1122 2438 1278 2494 xll21)
1318 2442 1363 2482 et
1404 2438 1662 2483 Caratacus
1695 2441 1815 2496 (pag.

311 2510 370 2553 51.
404 2509 510 2553 Tac.
544 2509 711 2565 X1136)
752 2511 917 2566 populo
959 2509 1162 2554 Romano
1197 2511 1491 2565 praebebant.
1545 2510 1676 2553 Hanc
1709 2523 1816 2552 nau-

313 2580 539 2624 machiam
574 2580 694 2636 apud
727 2580 926 2623 Tacitum
961 2580 1150 2624 Dionem
1184 2580 1452 2624 Suetonium
1493 2580 1681 2623 Plinium
1715 2581 1817 2623 des-

312 2651 502 2708 criptam
549 2650 816 2707 reperimus.
880 2651 1012 2707 Apud
1056 2651 1259 2695 Tacitum
1300 2656 1389 2695 est:
1445 2651 1605 2695 Cincto
1645 2650 1817 2694 ratibus

312 2721 480 2764 ambitu
506 2755 653 2773 .....
701 2721 742 2765 in
784 2721 959 2765 ratibus
1006 2721 1334 2778 praetoriarum
1379 2720 1632 2764 cohortium
1677 2720 1819 2764 maniae

313 2791 400 2847 puli
434 2795 700 2848 turmaeque
734 2791 1006 2835 adstiterant
1028 2791 1300 2848 antepositis
1324 2790 1681 2848 propugnaculis
1706 2826 1714 2834 .
1741 2826 1749 2834 .
1775 2826 1783 2835 .
1810 2826 1818 2835 .

312 2864 437 2920 ripas
481 2866 525 2905 et
568 2863 709 2905 colles
748 2862 984 2905 innumera
1025 2861 1259 2905 multitudo
1302 2862 1542 2918 complevit
1572 2896 1580 2904 .
1605 2896 1614 2905 .
1640 2896 1682 2904 ..
1722 2861 1820 2918 ipse
