2090 3320
996 228 1051 268 32

263 366 406 408 relata
439 369 560 416 sunt,
595 365 793 420 reperire
827 365 1036 420 potuerit.
1102 365 1256 416 Nobis,
1306 364 1343 406 si
1378 376 1479 406 eum
1514 362 1644 423 sequi
1680 375 1768 405 non

264 447 527 489 possumus,
576 435 887 490 quaerendum
927 439 1013 487 est,
1063 437 1181 478 unde
1230 434 1462 477 Dolabella
1506 434 1573 476 vel
1620 432 1771 489 potius

265 504 481 548 Claudius
522 504 757 547 materiam
807 505 1071 548 historicam
1112 504 1405 560 sumpserint.
1470 503 1538 546 Ac
1570 503 1616 546 T.
1653 502 1770 545 Livio

262 574 474 617 hortante
507 574 759 618 Suetonius
792 574 967 627 (Claud.
993 575 1056 627 41)
1092 587 1177 618 nos
1211 575 1345 617 docet
1372 572 1608 617 Claudium
1632 571 1770 616 histo—

262 643 372 686 riam
407 644 613 687 scribere
646 655 922 700 aggressum
957 657 1079 696 esse,
1114 645 1234 699 apud
1268 656 1400 699 quem
1426 656 1528 686 eum
1552 643 1770 698 imprimis

262 714 550 768 quaesivisse
592 714 921 770 suspicandum
962 718 1046 767 est,
1092 726 1210 770 quae
1256 712 1312 756 ad
1351 725 1517 756 munus
1557 715 1769 769 quaesto-

261 784 373 827 rium
409 785 701 840 pertinerent.
767 786 858 829 Sed
900 785 938 827 si
973 785 1139 827 Livium
1177 784 1525 840 inspexerimus,
1574 796 1769 840 cognos·

260 866 419 897 cemus
452 854 672 907 Tacitum,
706 867 823 910 quae
857 855 912 896 de
936 854 1263 910 quaestoribus
1297 852 1496 909 exponit,
1532 865 1620 895 non
1646 856 1769 896 recte

259 924 519 968 tradidisse.
585 924 699 967 Nam
733 926 899 967 falsum
934 928 1006 967 est
1038 937 1158 967 anno
1192 925 1291 966 447.
1327 925 1369 974 (i.
1405 937 1442 966 e.
1477 923 1768 978 sexagesimo

259 993 393 1036 tertio
439 1006 560 1036 anno
607 996 712 1050 post
756 993 1026 1050 Tarquinios
1077 995 1287 1045 exactos)
1335 993 1451 1035 duos
1496 995 1770 1049 quaestores

259 1068 445 1106 creatos
479 1077 600 1115 esse,
636 1069 711 1115 „ut
746 1077 838 1106 rem
874 1065 1109 1106 militarem
1144 1065 1512 1106 comitarentur“.
1576 1063 1641 1104 ΕΧ
1674 1066 1770 1104 tota
1815 1093 1819 1097 -

261 1133 378 1176 enim
414 1148 462 1178 re
497 1135 597 1190 ipsa
631 1139 675 1177 et
715 1149 771 1178 ex
812 1134 963 1178 verbis
1004 1134 1105 1177 Livii
1144 1134 1215 1190 (lV
1240 1134 1297 1176 53
1331 1135 1422 1189 §4)
1458 1133 1676 1189 sequitur.
1723 1135 1770 1175 ut

261 1210 473 1259 „praeter
516 1207 632 1248 duos
683 1206 886 1247 urbanos
932 1209 1208 1260 quaestores
1256 1205 1359 1256 duo,
1410 1207 1458 1247 ut
1503 1203 1770 1246 consulibus

261 1274 317 1317 ad
352 1274 601 1318 ministeria
635 1275 734 1318 belli
770 1280 956 1330 praesto
991 1279 1192 1327 essent“,
1227 1275 1367 1318 creati
1402 1275 1504 1317 sint.
1569 1273 1636 1316 Ad
1672 1287 1768 1316 ver-

261 1345 365 1387 bum
401 1349 553 1388 autem
590 1345 693 1388 Livii
735 1346 872 1388 verba
912 1357 1014 1388 cum
1054 1344 1211 1388 Tacito
1252 1347 1572 1402 congruerent,
1621 1343 1658 1387 si
1699 1344 1770 1387 bic

263 1414 551 1469 scripsisset,
576 1415 647 1457 vix
667 1417 754 1457 ullo
775 1416 998 1458 vocabulo
1023 1414 1202 1458 adiecto
1222 1417 1288 1457 vel
1314 1419 1501 1457 mutato:
1528 1414 1769 1469 Creatique

262 1483 452 1538 primum
488 1484 698 1526 Valerius
733 1484 910 1527 Potitus
952 1488 996 1527 et
1029 1484 1247 1527 Aemilius
1280 1484 1543 1527 Mamercus
1576 1494 1767 1539 sexage-

261 1554 377 1597 simo
423 1554 554 1597 tertio
603 1567 724 1597 anno
769 1559 873 1610 post
920 1558 1113 1597 exactos
1159 1554 1443 1609 Tarquinios.
1509 1554 1622 1597 Dein
1666 1554 1768 1610 glis-

261 1624 470 1666 centibus
505 1623 699 1679 negotiis
734 1624 798 1674 iis,
834 1624 906 1679 qui
942 1623 1112 1667 Romae
1145 1627 1373 1675 curarent,
1408 1624 1496 1666 duo
1530 1622 1680 1674 additi,
1721 1627 1768 1665 ut

261 1705 353 1735 rem
389 1692 622 1736 militarem
658 1693 998 1737 comitarentur.
1050 1719 1104 1723 —
1152 1693 1338 1736 Tacitus
1372 1692 1618 1736 discrimen
1654 1692 1769 1735 bene

258 1763 468 1806 sensisse
522 1763 698 1806 videtur
736 1777 817 1806 cur
857 1764 1100 1807 scriberet:
1151 1763 1223 1818 qui
1264 1766 1479 1805 curarent
1518 1766 1671 1818 atque:
1723 1766 1769 1805 ut

258 1832 606 1876 comitarentur:
658 1834 830 1877 Horum
887 1833 1004 1877 enim
1058 1846 1225 1876 munus
1279 1832 1604 1876 instituendum
1656 1836 1767 1886 erat,

258 1903 431 1946 illorum
466 1905 553 1946 iam
588 1905 659 1946 diu
695 1905 889 1960 vigebat.
955 1904 1046 1946 Sed
1087 1903 1363 1946 contrarium
1404 1903 1523 1958 apud
1563 1903 1766 1946 Tacitum

258 1974 512 2030 reperimus
547 1976 633 2018 hac
668 1988 822 2031 parva,
864 1987 999 2030 quam
1041 1973 1353 2030 proponimus,
1393 1974 1642 2018 mutatione
1677 1987 1766 2017 non

257 2044 393 2086 iacta.
459 2043 630 2087 Deinde
664 2046 724 2087 ita
759 2045 921 2101 pergit}
957 2044 1063 2086 Nlox
1096 2044 1355 2100 duplicatus
1390 2056 1608 2087 numerus
1628 2078 1767 2097 ......

258 2113 389 2156 cuius
422 2115 485 2157 rei
519 2115 561 2156 in
601 2118 807 2157 extrema
842 2115 1059 2170 periocha
1098 2114 1189 2156 XV.
1231 2115 1340 2156 librii
1382 2114 1545 2157 Liviani
1580 2114 1767 2157 mentior

258 2196 358 2225 nem
396 2184 672 2239 reperimus:
708 2185 1020 2233 Quaestorum
1056 2197 1273 2227 numerus
1307 2184 1552 2240 ampliatus
1586 2188 1671 2237 est,
1720 2188 1767 2228 ut

257 2258 417 2296 essent
450 2258 569 2297 octo.
604 2280 656 2283 —
695 2254 935 2298 Credimus
969 2254 1102 2310 igitur
1133 2254 1299 2297 Livium
1334 2256 1391 2297 ad
1416 2255 1765 2297 describendam

258 2324 377 2367 hanc
411 2327 610 2367 aetatem
652 2323 824 2368 Claudii
865 2328 1102 2380 auctorem
1142 2323 1303 2367 fuisse.
1366 2320 1479 2368 Tum
1513 2329 1765 2368 memoratu

255 2395 442 2450 dignum
479 2394 654 2438 videtur
686 2394 756 2438 bis
779 2394 821 2437 in
846 2393 1133 2438 orationibus
1167 2393 1341 2438 Claudii
1375 2407 1470 2438 rem
1504 2394 1561 2437 ad
1595 2392 1766 2439 Sullam

257 2466 525 2509 dictatorem
567 2464 669 2507 duci
710 2464 873 2517 (X122,
910 2464 1091 2516 Xll23),
1137 2464 1292 2522 Julium
1334 2464 1587 2508 Caesarem
1627 2466 1765 2508 dicta*

255 2539 399 2580 torem
448 2548 537 2578 non
585 2534 821 2587 nominari,
869 2548 1144 2591 quamquam
1189 2548 1426 2578 numerum
1468 2539 1766 2591 quaestorum

254 2606 310 2648 ad
345 2605 648 2661 quadraginta
681 2605 807 2647 auxit
841 2604 943 2660 (Dio
967 2603 1110 2647 XLlll.
1130 2605 1185 2647 47
1203 2604 1238 2658 2)
1264 2604 1459 2660 itemque
1484 2605 1765 2661 pomoerium

255 2676 356 2730 (Dio
390 2675 519 2719 XLlll
546 2676 603 2719 50
642 2675 776 2720 XLlV
801 2676 857 2719 49
897 2674 1069 2719 Gellius
1101 2675 1194 2718 Xlll
1221 2674 1296 2731 14).
1361 2676 1424 2719 Fr.
1461 2677 1623 2720 Leonis
1662 2690 1765 2720 sen-

253 2747 440 2789 tentiam
475 2746 606 2802 sequi
632 2759 721 2789 non
758 2758 1030 2801 possumus:
1067 2745 1263 2788 Primum
1299 2745 1401 2788 nihil
1426 2745 1623 2802 impedit,
1658 2759 1765 2802 quo-

400 2841 425 2884 ¹)
460 2841 496 2876 in
535 2852 612 2886 quo
646 2840 822 2876 Caesaris
861 2839 1116 2875 institutiones
1149 2850 1225 2875 non
1259 2842 1574 2876 commemoratas
1608 2851 1693 2876 esse
1732 2840 1764 2875 ei

253 2899 541 2935 concedendum
570 2898 648 2943 erit,
675 2898 711 2934 id
739 2898 843 2944 quod
870 2897 945 2933 veri
973 2908 1153 2944 perquam
1181 2898 1364 2935 dissimile
1391 2900 1457 2936 est.

2084 356 2089 373 .-
2083 303 2090 334 ,μ
2073 172 2090 260 .-.ηι”“ῑι
