2090 3320
952 542 1063 600 Cap.
1098 542 1125 587 Ι.

384 668 459 714 De
492 669 707 727 singulis
740 668 1043 726 quibusdam
1075 669 1235 725 libris,
1269 669 1452 726 quibus
1484 668 1694 713 Tacitus

770 763 898 795 usus
931 764 1055 796 esse
1087 751 1304 796 videtur.

430 855 530 899 Non
576 856 709 913 pauci
754 856 824 900 his
869 856 1103 900 decenniis
1146 857 1225 900 viri
1271 856 1391 901 docti
1429 869 1609 900 summo
1652 869 1793 912 opere

289 924 490 981 reperire
523 926 809 978 studuerunt,
852 925 1016 982 quibus
1047 926 1314 970 auctoribus
1347 926 1533 969 Tacitus
1566 938 1682 969 usus
1715 925 1786 968 sit.

290 994 496 1043 Quorum
539 996 656 1040 duae
695 999 854 1053 partes
898 996 1238 1040 discernuntur:
1284 996 1355 1040 alii
1393 996 1598 1040 Tacitum
1639 997 1795 1040 tontes

289 1065 363 1121 qui
395 1065 606 1109 dicuntur
637 1066 892 1122 primarios,
935 1067 1057 1110 velut
1088 1070 1194 1110 acta
1227 1070 1435 1119 senatuS,
1479 1069 1585 1110 acta
1627 1066 1795 1123 populi,

290 1135 537 1180 relationes
592 1138 932 1193 praefectorum
985 1136 1334 1194 provinciarum,
1392 1136 1555 1181 similia
1612 1136 1795 1181 omnino

290 1197 461 1250 adiisse
506 1211 688 1264 negant,
733 1207 817 1260 sed
857 1220 975 1259 eum,
1020 1210 1069 1251 ut
1111 1208 1209 1251 fere
1254 1210 1438 1251 ceteros
1482 1206 1598 1251 illius
1629 1206 1797 1251 aetatis

291 1275 557 1333 scriptores,
592 1277 829 1321 materiam
854 1282 911 1321 e'x
934 1276 1127 1321 aliorum
1151 1276 1276 1320 libris
1299 1276 1560 1332 sumpsisse
1586 1280 1794 1321 censent.

290 1347 373 1390 Alii
419 1360 521 1391 eum
566 1347 650 1391 nisi
693 1348 778 1391 illis
822 1361 911 1391 non
958 1360 1090 1391 usum
1136 1360 1244 1391 esse
1290 1347 1457 1391 dicunt.
1521 1347 1613 1392 Sed
1664 1349 1796 1391 alter-

291 1420 441 1462 utrum
473 1430 631 1462 verum
664 1421 710 1462 et
742 1421 917 1462 rectum
950 1417 1220 1476 praedicare
1251 1419 1417 1462 falsum
1450 1417 1640 1462 videtur.
1681 1417 1796 1462 Nam

292 1489 365 1546 qui
400 1490 539 1533 libros
562 1491 722 1534 horum
746 1489 957 1543 virorum,
991 1489 1064 1546 qui
1097 1491 1186 1534 hac
1218 1490 1274 1534 de
1307 1503 1356 1534 re
1386 1502 1564 1533 summo
1588 1489 1798 1534 acumine

291 1559 456 1617 ingenii
489 1560 789 1617 scripserunt,
823 1560 1182 1617 perlustraverit,
1215 1560 1366 1604 multis
1398 1560 1512 1604 locis
1544 1559 1612 1603 eis
1635 1573 1797 1605 assent

294 1631 443 1684 tietur,
487 1631 673 1675 totidem
717 1632 923 1675 fortasse
967 1631 1221 1683 dissentiet,
1277 1634 1325 1674 ut
1374 1631 1666 1675 manifestum
1717 1630 1800 1674 fiat

292 1714 448 1745 verum
482 1714 590 1745 esse
623 1701 861 1757 inmedio.

435 1772 505 1815 Ac
537 1771 749 1828 quoniam
783 1771 958 1828 plurimi
990 1773 1151 1815 horum
1184 1772 1380 1815 virorum
1424 1772 1480 1815 de
1519 1771 1675 1828 primis
1714 1784 1799 1814 sex

294 1842 522 1885 annalium
556 1842 680 1885 libris
712 1842 1014 1898 scripserunt,
1047 1841 1211 1898 quibus
1242 1841 1430 1885 Tacitus
1467 1842 1603 1886 vitam
1636 1841 1799 1885 Tiberii

295 1916 495 1971 enarrat,
544 1912 675 1957 nobis
719 1905 875 1969 aptum
920 1912 1170 1964 videbatur,
1216 1912 1288 1969 qui
1337 1915 1604 1969 sequuntur,
1659 1912 1800 1956 libros

294 1983 384 2040 (Xl.
420 1983 542 2039 Xll.),
585 1983 749 2040 quibus
787 1983 922 2026 vitam
964 1982 1057 2026 Divi
1099 1982 1271 2027 Claudii
1316 1983 1467 2035 tradit,
1510 1983 1553 2026 in
1598 1983 1798 2039 disputa·

293 2054 462 2098 tionem
496 2067 679 2099 vocare.

436 2124 495 2168 Ut
527 2124 704 2180 alioqui,
738 2125 799 2169 ita
832 2124 875 2168 in
907 2125 978 2169 his
1011 2124 1134 2168 libris
1167 2124 1354 2168 Tacitus
1386 2124 1623 2181 diligenter
1654 2128 1801 2176 cavet,

296 2208 352 2239 ne
385 2195 485 2251 ipse
517 2199 753 2239 auctorem
788 2195 1001 2239 nominet.
1065 2194 1217 2239 Semel
1248 2196 1369 2238 hunc
1392 2207 1564 2238 morem
1598 2198 1799 2251 praeter-

295 2266 439 2318 mittit,
479 2265 553 2309 ΧΗ
589 2267 660 2319 24,
703 2266 776 2310 ubi
815 2270 920 2311 acta
966 2265 1144 2323 publica
1183 2269 1526 2310 commemorat.
1589 2264 1682 2310 Sed
1728 2264 1801 2309 hic

295 2338 425 2381 locus
457 2350 484 2380 a
518 2337 728 2381 nonnulis
760 2362 814 2367 -
849 2336 1185 2394 Nipperdeium,
1229 2336 1440 2388 Leonem,
1476 2335 1658 2379 Fabiam
1692 2335 1798 2388 diciae

296 2421 398 2452 mus
444 2434 498 2439 ——
543 2407 585 2451 in
630 2407 812 2451 dubium
854 2410 1059 2459 vocatur,
1103 2419 1193 2463 qua
1238 2407 1294 2450 de
1340 2419 1388 2449 re
1433 2406 1551 2450 infra
1596 2406 1801 2462 pluribus

297 2483 607 2536 exponemus.'

869 2607 963 2666 De
1003 2606 1229 2666 Plinio.

438 2724 722 2782 Scriptorum
757 2724 872 2769 illius
904 2724 1072 2769 aetatis
1104 2724 1176 2768 vix
1208 2723 1357 2781 aliqua
1380 2724 1640 2781 fragmenta
1673 2722 1806 2766 nobis

297 2800 483 2840 servata
515 2800 636 2839 sunt.
700 2796 793 2840 Sed
826 2796 995 2852 optime
1027 2795 1205 2848 accidit,
1239 2799 1287 2838 ut
1319 2795 1361 2838 in
1395 2807 1586 2838 numero
1614 2793 1805 2837 Plinium

250 2885 253 2888 ⁴
298 2866 517 2911 maiorem
550 2866 801 2920 videamus,
834 2866 965 2911 cuius
998 2866 1054 2910 de
1088 2865 1214 2919 libro,
1254 2865 1327 2922 qui
1369 2864 1726 2911 inscribebatur:
1766 2866 1805 2910 Α
