2090 3320
941 202 1098 266 -10

308 337 465 394 initio),
500 338 572 383 ubi
607 343 696 383 est:
733 340 855 384 Fecit
888 343 932 385 et
965 343 1237 386 saeculares
1255 375 1380 385 .....
1473 341 1678 398 quamvis
1716 340 1816 399 ipse

309 411 350 453 in
391 410 622 453 historicis
667 411 765 453 suis
804 412 981 467 prodat.
1030 438 1081 442 —
1135 413 1269 461 Quod
1314 412 1513 464 Tacitus,
1558 412 1597 455 si
1642 411 1816 468 scripta

309 480 481 524 Claudii
530 481 826 537 cognovisset
875 483 943 525 vel
989 481 1057 525 eis
1103 495 1218 526 usus
1264 486 1404 535 esset,
1451 482 1816 538 praetermittere

308 564 396 594 non
447 550 612 602 debuit,
666 550 770 606 quia
825 551 924 607 ipse
980 552 1229 609 imperator
1283 553 1338 597 de
1386 553 1503 596 ludis
1555 551 1815 608 anticipatis

306 621 504 677 scripsit.
571 622 732 664 Exstat
777 624 929 665 tamen
972 623 1102 666 locus
1150 624 1317 679 (annal.
1352 621 1444 666 Xlll
1479 623 1538 677 3),
1573 635 1661 678 quo
1695 622 1814 666 haud

306 690 403 733 scio
428 703 486 733 an
510 703 897 743 commoveamur,
923 696 970 735 ut
994 690 1325 735 concludamus
1348 692 1551 735 Tacitum
1581 692 1816 735 orationes

307 766 431 804 certe
478 761 651 805 Claudii
697 761 846 817 ipsum
887 762 1075 806 vidisse:
1126 763 1223 805 Nec
1271 763 1313 805 in
1354 762 1555 814 Claudio,
1605 761 1815 817 quotiens

306 831 523 874 meditata
557 831 823 884 dissereret,
858 833 1128 889 elegantiam
1171 832 1445 888 requireres.
1481 858 1535 862 —-
1569 832 1661 876 Sed
1695 832 1815 875 simi‘

305 901 390 944 lius
438 901 650 945 iudicium
696 902 838 946 Taciti
884 902 1120 955 Suetonio,
1170 916 1305 958 quam
1355 906 1402 946 ut
1448 902 1489 945 id
1539 903 1815 946 concludere

304 972 437 1014 liceat
485 971 631 1022 (Suet.
673 971 829 1013 Claud.
870 973 939 1014 40.
983 972 1135 1025 extr.):
1182 985 1330 1027 neque
1375 972 1619 1014 infacundo
1669 986 1816 1027 neque

305 1042 507 1095 indocto;
565 1042 633 1085 vel
684 1040 746 1086 Cl.
796 1043 862 1086 41:
936 1043 1081 1099 Magis
1136 1042 1288 1099 inepte
1344 1055 1479 1098 quam
1534 1042 1817 1099 ineleganter

306 1111 560 1167 (Claudium
601 1111 884 1167 scripsisse).
952 1112 1015 1155 lta
1065 1125 1166 1155 cum
1217 1112 1510 1155 consentiant
1550 1113 1740 1155 Tacitus
1773 1115 1818 1155 et

306 1182 571 1235 Suetonius,
606 1181 816 1226 iudicium
844 1183 998 1239 potius
1021 1182 1198 1227 videtur
1228 1196 1335 1226 esse
1361 1182 1500 1237 Plinii,
1535 1183 1739 1227 benevoli
1773 1183 1815 1227 in

308 1253 557 1304 Claudium,
616 1265 703 1308 quo
749 1253 896 1310 magis
935 1253 1103 1296 Neroni
1144 1255 1370 1297 obtrectet
1417 1255 1583 1309 (annal.
1623 1252 1715 1295 Xlll
1755 1253 1815 1308 3).
1886 1290 1894 1299 .

306 1324 455 1378 Atque
489 1324 725 1366 orationes
757 1325 825 1366 vel
849 1323 1026 1367 litteras
1051 1323 1224 1367 Claudii
1258 1325 1479 1367 collectas
1512 1324 1553 1366 in
1588 1324 1815 1379 publicum

306 1394 455 1436 editas
504 1406 611 1436 esse
661 1393 731 1435 vix
778 1397 1005 1449 putamus.
1070 1393 1358 1448 Quamquam
1408 1392 1464 1437 de
1514 1394 1722 1450 Augusto
1772 1398 1817 1436 et

307 1463 416 1506 Divo
451 1463 557 1521 Julio
592 1464 679 1506 hoc
711 1467 909 1515 constat,
943 1477 1032 1519 qua
1065 1464 1120 1506 de
1154 1476 1203 1506 re
1242 1476 1299 1506 ex
1333 1463 1553 1507 Suetonio
1588 1463 1720 1520 (Aug.
1754 1464 1813 1506 51.

306 1534 364 1576 71.
399 1534 467 1576 76.
504 1533 660 1576 Claud.
694 1534 737 1587 4)
773 1537 817 1576 et
851 1533 991 1576 Gellio
1027 1534 1083 1590 (X
1116 1534 1204 1576 242
1241 1534 1319 1576 XV
1354 1534 1412 1576 73
1458 1533 1529 1576 ubi
1570 1534 1680 1576 liber
1724 1534 1813 1589 epiae

305 1605 528 1646 stularum
581 1603 674 1646 Divi
724 1603 917 1659 Augusti
966 1604 1264 1658 memoratur)
1320 1604 1485 1660 aliquid
1535 1603 1813 1659 acc2pimus.

304 1674 466 1717 Tiberii
522 1678 676 1717 tamen
733 1675 884 1726 verba,
938 1687 1040 1717 cum
1096 1688 1121 1717 a
1174 1674 1330 1718 Tacito
1384 1678 1815 1724 commemorantur,

305 1744 547 1787 maximam
596 1748 771 1800 partem
815 1758 871 1788 ex
920 1745 1038 1788 actis
1078 1748 1271 1788 senatus
1313 1748 1496 1800 sumpta
1537 1757 1645 1787 esse
1685 1744 1815 1788 nobis

305 1814 638 1869 persuasimus,
689 1827 777 1870 qua
812 1815 867 1857 de
910 1828 958 1857 re
999 1814 1116 1857 infra
1157 1816 1286 1870 plura
1320 1827 1618 1870 exponemus.
1683 1814 1815 1869 Apud

305 1883 493 1927 Gellium
558 1885 737 1940 quidem
798 1884 961 1928 Tiberii
1022 1885 1161 1928 verba
1223 1886 1486 1928 referuntur
1563 1884 1815 1927 secundum

305 1954 581 1997 Massurium
617 1955 743 2009 (Plin.
770 1954 871 1998 Nat.
906 1955 1009 1998 hist.
1035 1955 1131 1998 xvl
1157 1956 1181 2008 §
1205 1954 1282 2009 12),
1317 1954 1388 1997 cui
1422 1954 1599 1996 Tiberio
1632 1955 1815 1997 favente

304 2024 542 2080 (Pompon.
579 2025 664 2081 dig.
694 2026 724 2077 1,
748 2027 788 2077 2,
812 2027 851 2077 2,
877 2026 1069 2079 48—50)
1105 2029 1244 2077 certe,
1280 2038 1382 2068 cum
1417 2024 1515 2067 illos
1548 2028 1644 2067 tres
1677 2024 1816 2067 libros

304 2094 416 2137 iuris*
446 2094 587 2137 civilis
620 2095 858 2147 scriberet,
894 2100 1100 2139 actorum
1133 2097 1333 2139 facultas
1367 2095 1474 2137 data
1508 2098 1592 2146 est,
1633 2107 1690 2137 ex
1723 2093 1815 2149 qui-

302 2166 389 2207 bus
429 2166 545 2208 haec
586 2166 724 2208 verba
765 2167 962 2222 sumpsit
1005 2166 1195 2222 (Gellius
1230 2166 1266 2209 V
1293 2167 1334 2217 ὁ,
1370 2166 1554 2218 13--14).
1619 2164 1816 2208 Omnino

302 2235 340 2277 si
392 2247 563 2290 corpus
602 2235 858 2279 orationum
897 2236 1058 2279 Tiberii
1099 2236 1355 2279 exstitisset
1394 2236 1531 2291 (quod
1571 2248 1628 2278 ex
1666 2235 1814 2277 annal.

305 2304 334 2347 ll
361 2306 418 2347 63
452 2318 478 2347 a
513 2305 674 2359 paucis
708 2306 1014 2360 concluditur)
1049 2306 1148 2349 sine
1183 2306 1316 2349 dubio
1351 2305 1393 2348 in
1428 2305 1637 2348 manibus
1669 2304 1814 2347 Domi-

302 2373 409 2417 tiani
458 2374 638 2427 fuisset,
682 2375 753 2431 qui
795 2379 978 2431 praeter
1018 2375 1375 2419 commentarios
1414 2379 1459 2418 et
1504 2378 1609 2418 acta
1654 2373 1815 2418 Tiberii

307 2445 530 2488 Caesaris
566 2446 667 2487 nihil
709 2447 941 2489 lectitabat
976 2447 1119 2502 (Suet.
1158 2446 1316 2489 Domit.
1352 2446 1439 2498 20).
1503 2446 1652 2501 Atque
1685 2445 1815 2498 idem,

303 2516 422 2570 quod
459 2515 514 2557 de
547 2515 726 2559 Tiberio
761 2517 1076 2572 exposuimus,
1111 2517 1166 2559 de
1202 2516 1389 2559 Claudio
1424 2515 1663 2558 dicendum
1697 2514 1814 2558 vide-

302 2589 387 2636 tur,
431 2584 644 2639 quoniam
681 2587 799 2628 nullo
834 2586 1025 2642 vestigio
1059 2586 1235 2628 litteras
1268 2586 1336 2627 vel
1371 2585 1606 2627 orationes
1639 2584 1739 2627 eius
1772 2584 1814 2627 in

303 2654 529 2710 publicum
574 2654 722 2698 editas
762 2668 870 2698 esse
910 2653 1205 2699 monstratur.
1272 2654 1485 2698 Ceterum
1526 2667 1643 2709 quae
1684 2654 1814 2698 Clau*

304 2724 405 2767 dius
439 2724 481 2766 in
516 2724 801 2769 orationibus
850 2726 949 2769 suis
997 2726 1118 2782 apud
1168 2729 1379 2769 senatum
1426 2725 1591 2768 habitis
1640 2725 1815 2778 dixerit,

302 2810 404 2840 eum
439 2795 476 2839 si
512 2809 601 2840 non
637 2796 808 2841 eisdem
843 2797 1008 2851 verbis,
1055 2800 1102 2841 at
1140 2800 1266 2841 certe
1306 2797 1468 2841 eadem
1503 2796 1733 2840 sententia
1772 2796 1814 2840 in

302 2868 645 2910 commentariis
678 2869 777 2911 suis
811 2869 866 2911 de
900 2869 989 2911 vita
1024 2881 1110 2910 sua
1135 2868 1404 2925 repetivisse
1435 2868 1552 2911 satis
1574 2868 1815 2911 verisimile
