2090 3320
1044 191 1099 234 28

309 325 508 362 Corinthio
546 326 762 370 Demarato,
795 325 1023 372 Aborigines
1056 325 1202 363 Arcade
1275 328 1314 364 ln
1343 327 1485 364 Latium
1519 338 1584 363 eas
1618 327 1819 364 attulerunt

309 385 356 419 ab
385 384 562 419 Euandro
588 384 815 426 didicerunt3
855 386 891 419 et
924 384 1045 420 forma
1073 384 1202 420 litteris
1275 387 1423 432 Pelasgi
1447 413 1632 422 .......
1659 396 1816 431 quarum

310 442 447 477 Latinis
474 452 572 487 quae
598 442 804 477 veterrimis
836 442 1081 478 Graecorum.
1127 442 1200 479 Sed
1272 445 1442 481 omnium
1493 444 1548 480 vis
1598 444 1634 480 in
1679 444 1817 480 nostris

309 501 419 535 nobis
470 511 624 545 quoque
674 511 816 545 paucae
869 502 1030 546 primum
1084 501 1201 545 fuere,
1273 503 1563 549 recognoscitur.

308 558 447 594 deinde
473 558 624 593 additae
651 560 749 593 sunt.

451 654 581 711 Apud
635 654 841 698 Tacitum
896 658 941 698 et
995 655 1183 699 Plinium
1234 656 1436 700 Cadmus
1485 655 1527 698 in
1576 655 1816 700 Graeciam

308 726 516 777 (litteras)
562 724 718 776 intulit,
784 729 831 768 ut
890 726 1009 781 apud
1065 730 1303 781 utrumque
1359 726 1545 768 verbum
1599 725 1816 768 inferendi

308 794 603 838 inveniamus.
669 794 961 839 Palamedem
1017 796 1257 839 nominans
1321 799 1511 851 uterque
1572 796 1670 838 eius
1743 808 1815 838 ae·

307 869 446 908 tatem
501 865 641 907 addit:
702 865 806 908 Tac.
858 867 1143 922 temporibus
1190 865 1407 918 Troianis,
1461 865 1569 908 Plin.
1621 865 1816 908 Troiano

307 935 423 978 bello
447 935 492 990 ¹).
540 935 652 978 Tum
688 949 905 979 numerus
938 937 1203 988 litterarum,
1238 950 1354 993 quae
1381 936 1464 979 illis
1488 935 1647 978 diebus
1672 938 1815 986 erant,

308 1004 578 1048 nominatur.
622 1004 747 1049 Sane
781 1006 852 1049 hic
886 1007 1068 1062 paulum
1093 1008 1207 1051 inter
1239 1021 1291 1050 se
1315 1008 1529 1050 differunt
1552 1006 1816 1062 scriptores,

307 1088 408 1116 cum
442 1074 629 1116 Tacitus
663 1075 774 1117 XVl.
810 1076 986 1117 litteras
1030 1076 1151 1119 dicat
1190 1077 1334 1119 fuisse
1373 1076 1654 1133 temporibus
1688 1075 1815 1117 Pala‘

307 1144 464 1195 medis,
501 1144 671 1187 Plinius
695 1159 797 1187 eum
822 1146 947 1197 XVl,
982 1160 1099 1201 quae
1132 1151 1224 1189 tum
1250 1151 1421 1198 essent,
1457 1152 1671 1201 quattuor
1694 1145 1815 1187 addi-

307 1213 443 1257 disse.
485 1214 597 1257 Post
621 1214 912 1258 Palamedem
937 1215 1215 1259 Simonidem
1239 1219 1609 1260 commemorant.
1645 1214 1816 1258 Deinde

306 1285 479 1326 litteras
529 1284 713 1326 Latinas
762 1298 818 1327 ex
868 1285 1059 1327 Graecis
1108 1290 1234 1328 ortas
1283 1299 1389 1327 esse
1438 1291 1598 1327 neuter
1640 1284 1814 1327 omittit.

308 1352 477 1397 Plinius
511 1357 692 1411 praeter
727 1353 963 1399 Claudium
998 1354 1052 1413 (ἓ)
1093 1354 1207 1400 alios
1247 1359 1465 1400 auctores
1505 1358 1697 1399 secutus
1730 1357 1814 1406 est,

307 1438 423 1479 quos
463 1424 718 1480 singillatim
758 1430 1007 1468 enumerat.
1071 1426 1204 1482 Apud
1244 1426 1449 1469 Tacitum
1490 1430 1642 1468 autem
1685 1425 1814 1469 Clau⁶

308 1495 441 1547 dium,
508 1500 555 1540 ut
616 1496 908 1553 suspicamur
970 1501 1107 1553 atque
1171 1497 1602 1547 demonstrabimuS,
1667 1497 1813 1539 solum

308 1569 565 1621 loquentem
600 1567 823 1619 audimus,
869 1570 965 1610 tota
998 1580 1084 1610 sua
1117 1567 1323 1610 doctrina
1357 1566 1673 1623 antiquitatum
1695 1565 1727 1621 2)
1761 1579 1814 1608 se

308 1637 568 1680 iactantem.
635 1637 787 1693 ltaque
841 1637 1061 1681 Etruscos
1106 1638 1356 1681 Italicarum
1398 1637 1596 1694 gentium
1646 1637 1815 1692 primos

307 1720 409 1750 eum
445 1707 595 1750 dicere
629 1720 760 1750 nemo
786 1706 1031 1759 mirabitur,
1065 1707 1137 1764 qui
1163 1708 1278 1752 sciat
1301 1721 1402 1751 eum
1427 1708 1632 1751 iuvenem
1658 1719 1814 1750 eorum

308 1778 523 1821 historiae
579 1778 814 1822 studuisse
875 1783 1011 1834 atque
1066 1778 1244 1822 Graeca
1298 1779 1448 1834 lingua
1501 1779 1556 1821 de
1611 1776 1815 1820 Etruscis

308 1849 457 1905 viginti
492 1849 631 1891 libros
665 1848 916 1904 scripsisse
938 1850 983 1902 3).
1031 1848 1244 1892 Ceterum
1279 1853 1448 1904 quanto
1483 1848 1648 1891 ardore
1684 1846 1813 1891 Clau-

307 1920 408 1962 dius
468 1919 723 1962 Tuscorum
786 1920 1004 1962 historiae
1057 1920 1283 1962 studuerit
1336 1919 1629 1973 notitiamque
1682 1931 1813 1960 suam

305 1988 424 2031 omni
458 1988 707 2032 occasoine
741 1989 782 2031 in
817 1990 963 2032 lucem
999 1993 1045 2032 ut
1069 1989 1359 2045 produceret,
1404 2001 1591 2045 operam
1627 1987 1813 2040 dederit,

306 2060 598 2103 manifestum
648 2060 698 2103 fit
743 2073 800 2103 ex
846 2061 1056 2103 oratione
1107 2059 1449 2116 Lugdunensi4)
1497 2059 1718 2114 idemque,
1768 2062 1815 2101 ut

305 2130 558 2173 videbimus
592 2143 648 2173 ex
682 2130 887 2186 proximo
922 2130 1083 2187 capite.
1150 2130 1355 2173 Feliciter
1395 2128 1572 2188 accidit,
1620 2132 1667 2172 ut
1700 2128 1813 2172 Sue‘

304 2200 458 2243 tonius
492 2201 727 2243 tradiderit
748 2205 778 2256 5)
805 2215 906 2244 eum
935 2202 1157 2256 privatum
1183 2201 1238 2243 de
1271 2200 1399 2243 novis
1424 2200 1582 2242 litteris
1605 2201 1813 2242 volumen

451 2363 484 2406 l)
515 2362 631 2397 Aliter
669 2363 716 2397 de
755 2362 974 2408 antiquitate
1015 2362 1215 2398 litterarum
1253 2361 1397 2397 Flavius
1426 2361 1628 2407 josephus,
1666 2360 1814 2397 Claudii

305 2428 486 2474 aequalis,
515 2428 652 2462 iudicat
682 2428 825 2472 (contra
852 2428 1039 2473 Apionem
1070 2428 1080 2462 l
1108 2428 1165 2472 2):
1204 2423 1299 2465 τοὺς
1336 2423 1398 2462 ἐπὶ
1441 2423 1590 2474 Τροίαν
1626 2423 1813 2474 στρατεύ-

304 2510 452 2537 σαντας
484 2494 556 2547 τὴν
590 2498 661 2535 νῦν
693 2493 822 2535 οὖσαν
853 2498 936 2535 τῶν
968 2494 1226 2547 γραμμάτων
1257 2497 1401 2553 χρῆσαί
1432 2493 1602 2546 ἀγνοεῖν.

451 2570 479 2614 ²)
509 2569 594 2605 Sen.
623 2566 1047 2610 'Anonolom'vrrmmg
1079 2569 1112 2604 V
1139 2571 1246 2604 extr.:
1274 2568 1457 2603 Claudius
1477 2568 1618 2613 gaudet
1637 2579 1723 2604 esse
1744 2568 1815 2604 illic

305 2636 341 2678 (i.
371 2646 403 2670 e.
433 2636 468 2670 in
496 2635 680 2681 Olympo)
710 2635 928 2681 philologos
955 2634 1141 2669 homines.

449 2694 476 2738 3)
505 2693 605 2729 Suet.
633 2694 705 2728 vita
732 2693 881 2729 Claudii
908 2694 964 2727 42.

448 2752 477 2796 ⁴)
506 2751 565 2796 CJ
585 2752 610 2785 L
636 2751 734 2794 xlii,
765 2752 854 2786 1668
881 2751 917 2785 ἰη
945 2751 1069 2785 media
1096 2750 1214 2795 prima
1241 2751 1426 2785 columna.

449 2812 477 2855 5)
505 2811 578 2846 vita
605 2810 741 2846 Claudi
767 2812 824 2846 41.
851 2810 897 2846 cf.
926 2810 1141 2854 Buecheler,
1170 2811 1227 2847 De
1248 2811 1302 2847 Ti.
1324 2812 1487 2847 Claudio
1507 2811 1673 2847 Caesare
1693 2823 1815 2857 gram-

306 2870 453 2913 matico,
483 2869 671 2905 Elberfeld
700 2871 801 2907 1856.
