2090 3320
1035 214 1090 260 43

303 366 360 398 ex
392 352 541 399 indole
574 356 619 398 et
651 352 855 398 moribus
887 354 986 399 eins
1017 353 1149 399 facile
1172 354 1423 412 intellegas,
1459 352 1532 411 qui
1556 351 1811 398 libertinum

303 424 485 481 dignum
521 437 610 468 non
643 424 883 480 putaverit,
927 425 1056 468 cuius
1102 425 1288 482 nuptiae
1333 425 1376 468 in
1416 437 1555 481 opere
1593 437 1679 468 suo
1721 437 1811 468 me-

303 494 475 538 moriae
523 497 567 538 et
614 494 869 538 aeternitati
918 494 1231 552 proderentur.
1296 495 1444 544 Quem
1492 494 1811 551 primipilarem

303 564 552 609 Suetonius
586 564 801 617 nominat,
834 564 934 609 sine
977 565 1111 609 dubio
1143 566 1284 610 Taciti
1316 579 1462 621 eques
1495 569 1579 609 est.
1628 565 1812 609 Scimus

304 634 422 678 enim
457 633 803 691 primipilaribus
836 635 1063 679 veteranis
1095 635 1217 679 hunc
1254 637 1473 679 honorem
1507 627 1661 679 datum
1709 648 1811 679 eos*

302 717 389 759 que
423 705 622 760 equestri
656 705 798 747 ordini
833 706 1014 748 additos
1047 718 1169 749 esse.
1189 706 1220 762 ¹)
1255 731 1310 735 —
1343 705 1517 749 Novum
1558 706 1646 749 hoc
1679 706 1811 749 nobis

302 774 480 818 accedit
519 774 839 828 testimonium,
889 788 977 831 quo
1020 775 1319 833 intellegimus
1364 776 1527 819 ambos
1560 775 1811 832 scriptores

301 844 423 889 initio
456 844 547 889 xll.
581 845 675 889 libri
709 845 869 890 eodem
904 845 1122 903 imprimis
1146 859 1260 890 usus
1283 859 1391 890 esse
1424 849 1628 890 auctore.
1675 845 1809 895 Quod

302 917 520 972 proximis
553 930 733 973 quoque
771 917 921 962 verbis
963 917 1269 961 demonstrari
1309 917 1487 961 videtur
1525 918 1665 974 (hunc
1703 930 1808 961 auc·

299 990 444 1031 torem
480 986 668 1031 Plinium
701 987 879 1044 fuisse),
925 1000 1043 1044 quae
1086 986 1201 1031 idem
1244 987 1285 1031 in
1321 986 1616 1045 Agrippinam
1657 986 1807 1032 odium

300 1058 507 1114 produnt,
542 1058 660 1114 quod
695 1071 751 1101 ex
784 1058 934 1102 animo
969 1058 1093 1102 Plinii
1126 1058 1271 1102 fuisse
1304 1058 1617 1115 cognovimus,
1652 1071 1807 1114 quam1

299 1141 433 1182 quam
467 1127 704 1171 admiratio
738 1130 962 1183 quaedam
997 1142 1086 1172 non
1122 1129 1265 1171 deest.

441 1197 663 1242 Octavum
709 1201 847 1254 caput
891 1197 1094 1241 ultimum
1128 1197 1261 1241 huius
1295 1197 1413 1242 modi
1467 1201 1553 1250 est,
1602 1210 1691 1254 quo
1725 1210 1807 1254 per

298 1268 590 1325 Agrippinam
624 1268 818 1311 maxime
851 1280 928 1311 res
960 1268 1143 1325 geritur.
1189 1267 1402 1310 Proxima
1435 1268 1587 1323 capita
1620 1267 1802 1310 aliunde

299 1339 438 1395 petita
471 1352 577 1382 esse
610 1338 901 1382 manifestum
935 1341 1020 1382 est.
1086 1338 1236 1394 lpsum
1271 1351 1439 1382 nonum
1464 1341 1601 1394 caput
1624 1338 1807 1382 brevius

298 1412 382 1462 est,
417 1421 550 1464 quam
585 1421 642 1451 ex
674 1420 762 1464 quo
797 1408 837 1450 id
872 1408 1184 1451 concludatur.
1241 1407 1398 1463 Neque
1431 1420 1537 1451 vero
1571 1410 1807 1465 complura

297 1479 532 1531 vocabula,
566 1491 682 1534 quae
715 1478 942 1522 sermonis
966 1477 1182 1522 senatorii
1206 1482 1325 1529 sunt,
1361 1478 1525 1521 nullius
1547 1482 1655 1522 sunt
1678 1479 1806 1535 pretii

297 1549 417 1592 hanc
450 1561 545 1592 rem
579 1549 634 1591 ad
669 1548 992 1592 definiendam:
1040 1548 1272 1600 Placitum,
1323 1548 1599 1592 sententiam
1643 1562 1805 1605 expro-

298 1632 433 1672 mere,
468 1623 641 1663 censet.
705 1618 770 1662 Ex
803 1632 858 1663 ea
891 1622 1044 1663 autem
1079 1631 1139 1672 re,
1173 1619 1292 1676 quod
1327 1619 1426 1676 ipse
1459 1619 1645 1664 Tacitus
1679 1620 1804 1664 dicit:

297 1690 543 1734 Pollionem
591 1689 712 1732 haud
760 1689 1022 1746 disparibus
1068 1690 1220 1733 verbis
1273 1702 1329 1733 ac
1383 1703 1527 1746 nuper
1581 1691 1805 1735 Vitellium

297 1756 552 1804 censuisse.
586 1786 641 1790 —
674 1760 790 1803 satis
823 1763 1015 1816 apparet
1047 1773 1150 1803 eum
1175 1759 1387 1804 Pollionis
1420 1760 1671 1805 orationem
1703 1774 1805 1805 cum

296 1830 471 1874 Vitellio
506 1843 820 1886 comparasse,
870 1843 1005 1886 quam
1045 1830 1086 1872 in
1126 1830 1243 1873 actis
1276 1834 1468 1873 senatus
1510 1844 1612 1874 eum
1646 1844 1804 1887 reppe-

297 1901 415 1945 risse
447 1915 589 1957 supra
633 1900 854 1957 suspicati
899 1914 1061 1945 sumus
1102 1901 1224 1958 (pag.
1258 1901 1347 1957 42).
1412 1900 1626 1946 Pollionis
1674 1900 1806 1959 igitur

296 1974 435 2017 verba
467 1986 524 2016 ex
557 1971 716 2016 eodem
750 1972 947 2029 sumpsit
980 1972 1223 2030 exemplari
1257 1972 1405 2030 ibique
1440 1972 1733 2030 comparavit.

438 2043 673 2100 Capitibus
706 2043 758 2086 X.
792 2047 837 2087 et
870 2043 940 2086 xl.
977 2043 1180 2095 traditur,
1226 2044 1329 2100 quid
1363 2043 1497 2101 legati
1531 2043 1802 2088 Parthorum

296 2115 337 2158 in
387 2118 550 2158 senatu
599 2113 792 2158 dixerint
838 2113 1033 2171 quidque
1083 2113 1300 2158 Claudius
1347 2114 1646 2171 responderit.
1710 2114 1801 2173 Jam

296 2185 623 2241 antiquissimis
655 2183 937 2240 temporibus
983 2184 1117 2241 legati
1165 2188 1458 2228 externarum
1499 2185 1699 2241 gentium
1745 2186 1802 2229 ad

295 2256 509 2300 mandata
565 2270 650 2299 sua
699 2254 938 2299 referenda
990 2255 1032 2298 in
1077 2258 1288 2299 senatum
1336 2255 1680 2307 inducebantur,
1729 2256 1802 2312 qui

293 2338 395 2368 mos
428 2317 563 2368 etiam
596 2324 878 2381 temporibus
921 2324 1245 2379 imperatorum
1292 2329 1507 2368 servatus
1540 2329 1623 2368 est.
1688 2325 1802 2368 Ora-

293 2396 461 2441 tionem
496 2395 766 2441 Parthorum
807 2394 845 2440 si
878 2394 1063 2440 Tacitus
1102 2394 1249 2440 solam
1289 2394 1567 2450 tradidisset,
1613 2395 1803 2440 credere

293 2467 448 2511 liceret
495 2480 596 2511 eam
648 2471 694 2510 ut
739 2470 838 2510 erat
877 2480 978 2510 mos
1010 2466 1284 2523 scriptorum
1324 2466 1604 2523 antiquitatis
1648 2468 1704 2510 ab
1747 2480 1801 2510 eo

293 2551 401 2583 esse
449 2551 551 2581 cum
606 2541 703 2582 arte
755 2537 998 2581 inventam.
1063 2538 1155 2582 Sed
1201 2551 1317 2594 quae
1365 2541 1619 2594 sequuntur
1664 2538 1801 2581 verba

294 2608 466 2652 Claudii
500 2609 666 2652 docent
699 2621 800 2652 eam
824 2621 984 2652 revera
1017 2621 1125 2652 esse
1159 2607 1373 2652 habitam.
1422 2608 1546 2652 lnitio
1581 2608 1802 2652 orationis

292 2691 406 2722 suae
441 2678 616 2722 Caesar
659 2691 747 2735 qua
793 2682 892 2721 erat
937 2678 1321 2735 magniloquentia
1370 2682 1414 2722 et
1455 2678 1655 2722 vanitate
1689 2677 1800 2721 Divo

437 2848 464 2891 ¹)
493 2847 574 2884 ClL
598 2846 724 2892 V867,
754 2847 854 2883 1838.
880 2846 984 2883 6513.
1036 2845 1286 2893 Primipilares
1317 2847 1522 2893 superioris
1548 2847 1690 2884 ordinis
1717 2857 1797 2883 sae-

291 2906 375 2951 pius
401 2918 421 2942 a
448 2907 598 2943 Tacitus
625 2908 900 2942 memorantur:
928 2906 1061 2942 Annal.
1090 2906 1175 2941 1111
1208 2906 1258 2941 lv
1272 2906 1317 2940 72
1343 2906 1427 2942 hist.
1457 2907 1564 2944 11170
1592 2908 1640 2944 lv
1657 2909 1710 2942 15.
