2090 3320
953 200 1225 265 „fib-4—

332 339 377 394 5)
412 338 742 394 Statuiturque,
778 341 825 381 ut
858 338 1018 394 ignaro
1053 339 1237 382 domino
1270 339 1327 382 ad
1361 338 1402 381 id
1436 338 1680 394 prolapsae
1709 371 1717 380 .
1743 371 1786 381 ..

332 409 376 462 6)
413 408 618 460 Pallanti,
669 421 801 464 quem
858 411 1140 465 repertorem
1204 408 1302 452 eius
1355 406 1587 452 relationis
1646 406 1848 451 ediderat

475 478 665 530 Caesar,
720 478 949 535 praetoria
994 478 1189 535 insignia
1241 483 1285 522 et
1330 479 1504 522 centies
1549 477 1847 535 quinquagies

471 548 736 593 sestertium
770 548 949 592 censuit
973 548 1133 593 consul
1157 547 1425 605 designatus
1451 548 1596 592 Barea
1624 548 1845 593 Soranus.

329 619 373 673 8)
408 618 621 662 Additum
665 632 691 661 a
727 618 941 674 Scipione
987 618 1196 662 Cornelio
1230 621 1386 675 grates
1420 619 1597 675 publice
1639 619 1846 676 agendas

473 688 662 731 Pallanti
689 723 697 732 .
724 723 731 732 .
760 723 768 732 .

328 759 372 814 9)
408 758 710 802 Adseveravit
746 758 963 803 Claudius
998 762 1263 804 contentum
1298 761 1471 803 honore
1506 759 1843 803 Pallantem

329 829 391 883 lO)
428 829 480 872 Et
512 829 655 872 fixum
690 833 762 873 est
795 843 902 873 aere
936 829 1115 886 publico
1140 833 1333 873 senatus
1367 830 1640 882 consultum,
1675 843 1843 886 quo...

331 970 471 1014 Unius
495 974 688 1014 senatus
721 971 930 1014 videntur
962 984 1079 1027 quae
1125 971 1196 1015 hic
1235 975 1479 1015 narrantur
1518 971 1725 1027 singulae
1767 984 1843 1015 res

328 1040 487 1092 fuisse,
544 1053 647 1083 nam
694 1053 811 1096 quae
861 1039 1012 1097 priore
1062 1044 1190 1097 parte
1224 1042 1363 1094 (1—3)
1412 1045 1842 1093 commemorantur,

328 1113 538 1156 celeriter
580 1113 782 1169 expediri
829 1117 1088 1169 potuerunt,
1134 1117 1181 1156 ut
1220 1113 1336 1156 satis
1378 1113 1582 1169 patribus
1623 1112 1843 1168 temporis

328 1187 598 1239 superesset
643 1184 700 1227 ad
745 1184 936 1226 alteram
983 1187 1158 1239 partem
1200 1184 1369 1236 (4—10)
1410 1182 1710 1226 tractandam.
1773 1181 1842 1225 Ac

328 1254 447 1309 quod
482 1254 598 1297 diem
634 1267 815 1310 quoque
855 1254 989 1297 huius
1031 1259 1224 1297 senatus
1263 1267 1320 1297 ex
1362 1253 1487 1297 Plinii
1528 1253 1714 1297 minoris
1753 1252 1841 1309 epi-

329 1325 449 1368 stula
483 1322 668 1367 Vlllssw
705 1324 992 1381 accepimus:
1027 1323 1079 1366 X.
1116 1323 1210 1371 Kal.
1248 1324 1461 1377 Februar,
1503 1325 1619 1367 haec
1664 1322 1841 1367 coniec·

331 1399 431 1438 tura
475 1396 835 1438 commendatur.
900 1395 966 1438 De
1006 1408 1060 1438 ea
1100 1408 1162 1447 re,
1208 1408 1343 1451 quam
1386 1395 1519 1439 tertio
1559 1396 1659 1438 loco
1699 1407 1841 1450 supra

330 1463 615 1520 scripsimus,
668 1464 754 1507 iam
803 1464 928 1520 prius
974 1464 1138 1520 aliquid
1183 1464 1508 1520 comperimus:
1560 1464 1664 1508 Tac.
1704 1464 1841 1507 Xl25

331 1534 549 1577 Claudius
583 1547 750 1577 censor
784 1534 935 1576 mitem
978 1533 1197 1576 rationem
1238 1534 1460 1577 adhibens
1499 1534 1722 1589 quosdam
1766 1534 1838 1576 dea

331 1603 439 1659 pulit
472 1606 638 1647 senatu
673 1603 744 1646 his
778 1602 950 1647 verbis:
985 1603 1153 1647 Secum
1188 1603 1379 1660 quisque
1404 1604 1459 1647 de
1481 1617 1534 1648 se
1558 1604 1841 1647 consultaret

328 1677 595 1731 peteretque
629 1673 699 1717 ius
734 1673 927 1717 exuendi
962 1673 1147 1717 ordinis.
1213 1673 1257 1717 ln
1298 1673 1364 1717 eis
1403 1686 1521 1731 quae
1561 1672 1663 1717 illud
1703 1677 1841 1732 caput

327 1748 593 1800 sequuntur,
628 1744 855 1800 capitibus
880 1747 1105 1799 nusquam
1130 1744 1350 1800 scriptum
1376 1745 1567 1801 legimus
1591 1745 1839 1801 principem

328 1816 484 1871 plures
517 1819 682 1859 senatu
717 1814 964 1871 depulisse.
1010 1814 1109 1858 Hoc
1142 1814 1322 1857 demum
1346 1816 1446 1859 loco
1471 1818 1685 1871 quattuor
1708 1814 1840 1859 annis

326 1885 601 1928 intermissis
635 1886 784 1928 denuo
818 1884 951 1927 huius
986 1884 1047 1928 rei
1074 1885 1241 1927 mentio
1265 1885 1327 1928 fit.
1376 1884 1656 1928 Claudiusne
1684 1885 1838 1940 quinto

327 1955 508 1998 demum
542 1968 663 1999 anno
698 1959 804 2012 post
836 1954 970 1998 huius
1004 1954 1178 1998 consilii
1220 1955 1490 1999 recordatus
1530 1956 1628 1999 est?
1690 1955 1839 2012 Atque

325 2025 363 2067 si
404 2026 463 2068 ita
508 2039 583 2069 res
617 2039 669 2068 se
710 2028 861 2077 habet,
908 2025 1058 2068 denuo
1094 2025 1409 2082 intellegimus,
1458 2030 1628 2081 quanta
1666 2026 1755 2069 tide
1794 2030 1839 2069 et

327 2094 555 2152 diligentia
588 2094 775 2139 Tacitus
808 2100 913 2140 acta
949 2100 1143 2140 senatus
1178 2109 1427 2153 eorumque
1462 2095 1665 2140 ordinem
1699 2109 1836 2140 anna‘

326 2167 411 2209 lem
446 2171 638 2209 secutus
672 2167 743 2209 sit.
808 2168 901 2211 Sed
937 2168 1039 2223 plus
1074 2180 1159 2210 nos
1192 2169 1334 2210 altera
1358 2181 1465 2223 pars
1489 2168 1622 2211 huius
1645 2172 1837 2211 senatus

326 2237 473 2280 docet.
537 2236 711 2280 Tabula
761 2236 831 2280 illa
881 2238 1072 2290 ahenea,
1124 2250 1240 2293 quae
1289 2240 1493 2281 extremo
1541 2237 1640 2281 Llll.
1690 2237 1838 2294 capite

326 2311 725 2357 commemoratur,
763 2320 876 2349 casu
910 2307 1105 2362 quodam
1147 2320 1173 2349 a
1208 2306 1348 2349 Plinio
1382 2307 1553 2350 minore
1587 2308 1837 2363 conspicie-

326 2378 472 2428 batur,
520 2377 592 2433 qui
628 2381 873 2433 postquam
909 2376 1026 2434 legit,
1068 2390 1185 2433 quae
1218 2376 1438 2434 inscripta
1471 2380 1613 2430 erant,
1634 2377 1663 2433 ¹)
1709 2380 1837 2421 tanta

325 2446 591 2491 curiositate
634 2451 677 2490 et
717 2447 1025 2504 indignatione
1072 2451 1236 2504 captus
1276 2450 1360 2500 est,
1408 2451 1454 2490 ut
1498 2447 1599 2491 illud
1644 2452 1836 2492 senatus

324 2520 584 2561 consultum
626 2518 773 2574 ipsum
818 2519 968 2573 legere
1012 2521 1213 2573 cuperet,
1261 2518 1379 2573 quod
1426 2522 1474 2561 ut
1517 2518 1749 2574 reperiret,
1796 2520 1835 2562 ei

322 2588 456 2632 facile
491 2587 678 2645 contigit
712 2587 840 2644 (Plin.
877 2601 978 2644 epp.
1013 2587 1099 2631 Vlll
1123 2588 1163 2630 ὃ.
1188 2588 1261 2642 2.).
1316 2588 1364 2632 Si
1399 2588 1537 2632 Plinio
1569 2589 1703 2633 facile
1737 2593 1835 2633 erat

323 2664 516 2703 senatus
551 2663 655 2702 acta
690 2659 829 2710 adire,
865 2658 983 2702 idem
1018 2658 1179 2702 eodem
1214 2657 1309 2701 iure
1342 2662 1440 2702 erat
1471 2659 1641 2703 Tacito.
1685 2659 1834 2716 Atque

469 2767 495 2807 ¹)
525 2765 616 2801 Plin.
657 2777 738 2812 epp.
782 2765 898 2801 V29:
940 2765 1038 2800 l-luic
1078 2764 1116 2810 (i.
1154 2775 1185 2799 e.
1225 2763 1395 2810 Pallanti)
1436 2767 1590 2800 senatus
1629 2765 1679 2801 ob
1717 2765 1833 2801 fidem

321 2825 577 2869 pietatemque
605 2835 693 2868 erga
721 2828 902 2869 patronos
927 2825 1149 2859 ornamenta
1171 2823 1355 2868 praetoria
1381 2824 1544 2860 decrevit
1564 2826 1600 2860 et
1620 2824 1832 2860 sestertium

319 2883 461 2918 centies
488 2883 754 2929 quinquagies,
783 2883 889 2918 cuius
917 2883 1062 2918 honore
1090 2884 1288 2917 contentus
1315 2881 1393 2918 fuit.
