2090 3320
1057 182 1085 228 8

318 318 666 372 consuetudine,
690 320 842 364 multis
859 322 1013 366 verbis
1037 323 1356 381 descripturus
1376 324 1524 369 fuerIt.
1559 324 1653 371 Sed
1676 338 1825 382 neque

316 390 436 447 apud
484 389 690 433 Tacitum
739 402 887 447 neque
935 390 1206 438 Suetonium
1256 407 1403 452 neque
1452 394 1642 439 Dionem
1690 396 1823 439 ullum

314 460 448 503 huius
493 460 556 503 rei
595 460 836 517 vestigium
875 462 1146 521 reperimuS,
1195 478 1284 520 qua
1329 478 1386 509 ex
1424 478 1474 509 re
1511 465 1824 509 concludimus

314 531 434 573 hanc
476 529 749 586 legationem
795 543 851 575 eo
898 535 1106 590 tempore
1154 534 1340 578 Romam
1389 534 1587 588 venisse,
1635 535 1691 579 de
1734 547 1824 592 quo

317 600 487 644 Plinius
520 600 562 644 in
602 600 714 645 libro
748 614 835 646 suo
874 602 962 646 iam
1003 617 1092 647 non
1133 604 1380 649 tradiderit.
1443 605 1537 649 Sed
1576 618 1665 661 quo
1703 618 1824 649 anno

314 670 563 724 advenerit,
598 684 824 728 nusquam
859 672 1060 717 invenire
1093 674 1337 731 potuimus.
1402 674 1446 717 ld
1484 675 1632 718 solum
1664 673 1823 718 statui-

315 755 431 794 mus,
480 747 727 799 postquam
770 757 913 800 supra
958 744 1374 788 demonstravimus
1419 744 1604 801 nuptias
1652 744 1824 789 Claudii

315 816 361 855 et
386 812 668 869 Agrippinae
705 814 844 870 (anno
868 813 1033 869 48s49.)
1068 813 1111 857 in
1134 813 1245 857 libro
1270 812 1473 858 Pliniano
1497 826 1825 859 commemora·

313 888 389 927 tas
432 896 556 935 esse,
606 884 725 928 hanc
773 884 1046 941 legationem
1095 888 1202 929 ante
1256 886 1377 928 hunc
1422 882 1590 929 annum
1637 885 1823 930 Romam

313 953 511 997 venisse.
583 954 787 1006 Accedit,
842 954 961 1011 quod
1017 958 1126 1010 post
1174 954 1356 1009 nuptias
1416 955 1597 998 demum
1652 955 1824 1000 Claudii

313 1024 420 1067 talia
443 1024 715 1080 spectacula
748 1024 870 1081 apud
893 1024 1099 1068 Tacitum
1119 1025 1441 1068 describuntur
1476 1025 1584 1081 (Xll.
1602 1026 1659 1069 20
1675 1026 1732 1069 36
1749 1026 1823 1080 56)

316 1099 360 1138 et
392 1094 514 1150 apud
541 1093 730 1138 Dionem
764 1098 810 1138 et
833 1094 1118 1148 Suetonium,
1153 1108 1255 1138 cum
1290 1096 1332 1138 in
1366 1095 1437 1138 Xl.
1461 1095 1572 1139 libro
1596 1096 1824 1139 annalium

316 1164 419 1207 nihil
453 1164 711 1208 huiusmodi
751 1164 1053 1221 reperiamus.
1118 1165 1296 1213 Quibus
1340 1165 1480 1210 rebus
1527 1165 1825 1209 constituisse

315 1235 447 1279 nobis
491 1235 696 1280 videmur
739 1235 796 1279 ab
842 1248 963 1279 anno
1009 1236 1079 1279 48.
1144 1235 1332 1280 Plinium
1375 1235 1545 1279 initium
1590 1236 1774 1292 cepisse
1794 1236 1824 1289 l)

314 1310 451 1362 atque
473 1306 679 1350 Tacitum
704 1319 759 1349 eo
784 1310 975 1350 auctore
1000 1319 1133 1349 usum
1157 1319 1279 1349 esse.
1336 1306 1573 1349 Hactenus
1591 1306 1647 1349 de
1671 1305 1824 1349 Plinio.

462 1465 489 1509 ¹)
517 1475 549 1500 a.
571 1464 669 1509 Apte
688 1464 785 1499 hanc
804 1464 851 1499 ad
868 1474 946 1499 rem
961 1464 1147 1507 convenit,
1168 1464 1271 1509 quod
1288 1464 1394 1500 Plinii
1409 1464 1457 1500 de
1473 1463 1585 1500 Bellis
1599 1464 1826 1500 Germaniae

317 1522 399 1558 libri
419 1533 543 1568 usque
564 1522 612 1557 ad
632 1532 773 1558 annum
794 1522 851 1557 47.
866 1512 1093 1567 pertinuisse
1114 1522 1285 1558 videntur
1306 1521 1366 1568 (cf.
1387 1522 1579 1566 Muenzer,
1601 1522 1672 1558 Die
1691 1522 1828 1565 Quelle

318 1581 387 1616 des
414 1581 565 1616 Tacitus
585 1580 644 1616 fiir
663 1580 724 1616 die
744 1580 1104 1625 Germanenkriege,
1131 1580 1166 1616 in
1189 1579 1322 1616 Annal.
1344 1580 1534 1617 Bonnens.
1557 1582 1658 1618 1899.
1679 1592 1756 1627 pag
1771 1582 1827 1625 78,

317 1641 354 1675 et
368 1639 472 1686 quod
488 1649 560 1675 nos
574 1639 622 1675 ad
637 1638 686 1674 XI
707 1639 754 1674 20
767 1638 933 1674 diximus
950 1638 1052 1685 (pag.
1072 1638 1159 1683 30),
1181 1640 1220 1674 ut
1240 1648 1299 1674 res
1314 1638 1386 1674 illic
1399 1638 1565 1675 instituta
1586 1639 1690 1675 nullo
1705 1639 1828 1685 spatio

314 1699 497 1745 temporis
512 1698 729 1735 intermisso
743 1694 856 1745 por'ro
869 1699 1095 1734 tractaretur.
1123 1719 1165 1723 -
1193 1698 1228 1734 b.
1245 1698 1357 1734 Pelka
1372 1698 1488 1745 (Mus.
1505 1698 1622 1737 Rhen.
1639 1698 1729 1735 1906
1740 1709 1825 1745 pag.

315 1757 401 1802 620)
425 1757 580 1803 quidem
601 1757 864 1793 demonstrare
884 1759 1041 1793 conatur
1060 1756 1254 1792 Aufidium
1275 1756 1323 1793 de
1344 1756 1455 1793 rebus
1476 1767 1598 1803 usque
1617 1757 1665 1793 ad
1685 1767 1826 1793 annum

317 1818 373 1853 31.
400 1817 520 1863 gestis
547 1816 755 1862 scripsisse.
808 1816 925 1852 Nisus
953 1815 1113 1862 epistula
1138 1815 1305 1852 Senecae
1334 1815 1459 1862 (30,l),
1486 1827 1583 1862 quae
1610 1816 1745 1862 scripta
1771 1818 1829 1852 est

314 1877 403 1921 post
440 1886 582 1911 annum
623 1876 679 1911 57.
731 1874 793 1921 (cf.
825 1874 973 1910 Teuffel
1012 1874 1034 1919 ἓ
1068 1873 1202 1919 289,5),
1235 1873 1299 1909 ubi
1332 1876 1405 1910 est:
1440 1874 1600 1910 Bassum
1633 1874 1827 1910 Aufidium

313 1934 388 1970 vidi
410 1944 607 1980 quassum,
633 1933 745 1969 aetati
766 1933 1035 1969 obluctantem.
1086 1932 1160 1969 Sed
1181 1932 1254 1968 iam
1276 1932 1361 1978 plus
1378 1932 1481 1968 illum
1502 1930 1691 1979 degravat,
1712 1944 1827 1979 quam

315 1994 420 2040 quod
458 1992 580 2039 possit
611 1992 748 2029 attolli:
788 2003 930 2038 magno
963 1992 1140 2028 senectus
1173 1992 1210 2027 et
1240 1991 1417 2028 universo
1450 1992 1618 2037 pondere
1650 1992 1827 2029 incubuit·

321 2074 358 2078 —
374 2052 462 2088 dicit
487 2051 682 2087 Aufidium
709 2050 877 2096 corporis
904 2050 962 2086 sui
989 2061 1066 2086 non
1093 2050 1143 2086 ita
1169 2052 1364 2095 potentem
1390 2050 1520 2094 fuisse,
1546 2053 1586 2091 ut
1611 2051 1658 2086 ad
1685 2062 1826 2087 annum

312 2112 369 2147 47.
397 2111 558 2146 scribere
585 2112 728 2156 posset.
779 2109 853 2145 Sed
881 2109 1015 2145 eadem
1044 2108 1204 2155 epistula
1232 2108 1286 2154 (3)
1314 2107 1457 2145 Seneca
1477 2108 1656 2145 affirmat:
1685 2108 1826 2145 Bassus

314 2173 441 2206 tamen
468 2171 599 2205 noster
623 2168 746 2205 alacer
770 2168 899 2204 animo
926 2170 994 2204 est.
1022 2189 1064 2192 —
1104 2167 1141 2204 Si
1167 2167 1280 2214 igitur
1304 2179 1405 2204 anno
1433 2168 1490 2204 57.
1519 2167 1592 2213 (vel
1618 2168 1691 2213 60.)
1718 2168 1827 2205 alacri

315 2229 444 2264 animo
472 2230 559 2269 erat,
587 2227 743 2263 meliore
769 2227 848 2262 iure
875 2227 911 2262 id
939 2227 987 2262 de
1013 2237 1114 2262 anno
1139 2227 1196 2261 47.
1223 2226 1295 2262 dici
1322 2228 1458 2272 potest,
1494 2228 1535 2262 ut
1559 2227 1650 2262 satis
1677 2227 1710 2263 ei
1735 2229 1828 2263 tem-

315 2288 418 2334 poris
445 2289 482 2324 et
507 2286 572 2323 otii
600 2285 711 2322 fuerit
742 2286 789 2322 ad
817 2296 915 2332 opus
950 2296 1060 2322 suum
1095 2295 1217 2331 usque
1249 2284 1297 2321 ad
1330 2284 1431 2322 hunc
1461 2284 1661 2322 terminum
1694 2285 1828 2333 perdu-

316 2346 492 2382 cendum.
544 2346 680 2391 Neque
706 2345 807 2380 illam
834 2345 1201 2390 argumentationem
1229 2355 1439 2390 agnoscere
1466 2355 1685 2391 possumus,
1724 2346 1827 2391 quod

317 2405 347 2439 si
374 2403 550 2439 Aufidius
577 2404 683 2449 plura
715 2405 915 2447 narrasset,
954 2413 1067 2449 quam
1107 2413 1205 2449 quae
1238 2403 1285 2438 ad
1324 2414 1466 2439 annum
1498 2404 1555 2439 40.
1590 2403 1827 2449 pertinerent,

319 2463 427 2499 Plinii
456 2463 594 2509 singuli
621 2462 702 2498 libri
728 2464 853 2499 minus
880 2473 994 2508 quam
1022 2463 1184 2509 spatium
1219 2463 1331 2498 unius
1363 2462 1451 2499 anni
1483 2462 1828 2509 complecterentur.

319 2522 448 2563 Quare
469 2532 545 2556 non
566 2522 641 2556 ita?
670 2521 802 2564 Plinio,
822 2523 953 2566 utpote
968 2521 1031 2565 qui
1045 2523 1100 2556 tot
1113 2521 1353 2565 tantulasque
1368 2531 1427 2556 res
1449 2520 1510 2566 (cf.
1524 2521 1646 2557 annal.
1661 2521 1746 2557 XIII
1766 2521 1827 2566 31)

319 2580 502 2617 memoria
529 2580 664 2626 dignas
691 2582 849 2626 putaret,
877 2579 957 2616 sine
984 2579 1102 2615 dubio
1127 2578 1235 2616 facile
1256 2580 1334 2616 erat
1353 2580 1559 2626 quaternos
1580 2579 1695 2616 libros
1716 2580 1828 2617 rebus

314 2639 430 2675 ternis
456 2640 565 2675 annis
592 2640 710 2684 gestis
736 2639 891 2684 implere
920 2638 1058 2684 (XXXI
1088 2638 1202 2674 libros
1229 2638 1352 2674 XXIV
1377 2638 1516 2684 annis).
1568 2638 1687 2674 Pluris
1720 2638 1829 2675 aesti-

315 2697 497 2732 mandum
525 2699 593 2740 est,
630 2696 734 2741 quod
768 2697 1038 2732 Cassiodorius
1070 2697 1231 2733 Senator
1262 2696 1349 2732 dicit
1383 2707 1425 2732 se
1459 2696 1579 2733 fastos
1610 2697 1829 2733 consulares

314 2767 361 2792 ex
388 2755 474 2792 Tito
508 2755 609 2791 Livio
643 2757 679 2791 et
706 2755 859 2792 Aufidio
886 2755 1007 2792 Basso
1043 2758 1079 2792 et
1107 2754 1276 2793 Paschali
1309 2755 1487 2793 chronico
1518 2755 1702 2792 clarorum
1735 2755 1829 2792 viro-

314 2825 395 2851 rum
422 2815 642 2850 auctoritate
668 2814 839 2850 firmatos
866 2815 1065 2861 collegisse
1098 2815 1242 2857 (chron.
1277 2816 1363 2850 min.
1392 2815 1422 2850 II
1458 2826 1534 2861 pag
1561 2815 1656 2859 161).
1685 2815 1827 2850 Livium

313 2877 436 2924 ipsum
466 2888 543 2913 non
570 2875 671 2920 adiit,
709 2875 776 2912 sed
806 2875 979 2922 Epitome
1007 2875 1156 2911 Liviana
1182 2886 1277 2912 usus
1304 2876 1361 2912 est
1387 2875 1533 2920 eadem,
1561 2886 1635 2921 qua
1665 2874 1828 2912 Orosius
