2090 3320
1081 215 1134 256 24

343 349 557 393 censoria
591 349 827 406 usurpavit
861 350 936 406 (ΧΙ
959 349 1027 405 13),
1063 349 1227 405 quibus
1255 363 1380 394 more
1405 349 1556 406 prisco
1591 350 1637 393 18
1669 362 1856 394 menses

342 419 528 462 functus
568 423 652 472 est,
700 423 747 463 ut
790 419 963 463 mensis
1004 420 1195 463 october
1233 419 1338 463 anni
1381 420 1450 463 48.
1490 420 1633 464 lustro
1673 419 1855 463 condito

343 490 416 545 (ΧΙ
452 491 508 532 25
552 490 683 546 extr.)
732 490 919 534 Claudio
964 489 1070 533 finis
1116 503 1343 534 censurae
1396 490 1692 547 inscitiaeque
1745 502 1855 548 erga

341 560 523 602 domum
558 572 689 602 suam
723 560 866 603 fieret.
923 559 1016 603 Sed
1049 559 1328 604 Claudiusne
1355 573 1511 604 revera
1535 573 1693 611 mense
1716 560 1854 617 Aprili

340 642 505 671 munus
546 630 804 673 censorium
846 629 982 673 adiit?
1046 629 1307 686 Nipperdey
1348 630 1389 672 in
1435 631 1589 673 adnot.
1636 631 1692 673 ad
1735 630 1792 673 ΧΙ
1817 647 1852 672 13

339 698 444 741 dicit
477 698 646 742 initium
681 713 910 744 censurae
935 699 1022 743 iam
1049 699 1173 756 prius
1197 701 1385 743 relatum
1418 712 1545 743 esse:
1580 699 1621 743 in
1647 713 1701 743 ea
1726 703 1853 757 parte

338 769 409 813 Xl.
444 769 554 822 libri,
589 783 707 826 quae
741 770 884 830 periit,
936 770 1055 827 quod
1096 769 1312 814 Claudius
1348 769 1414 828 CJ
1445 770 1474 811 L
1498 769 1696 813 X15959
1730 770 1852 828 (anni

336 841 409 895 47)
445 854 613 883 censor
646 841 917 897 designatus
950 842 1267 896 appellaretur.
1315 840 1450 883 Peter
1471 840 1501 896 1)
1537 840 1773 884 Claudium
1807 844 1851 884 et

341 909 563 953 Vitellium
600 910 816 958 Kalendis
840 912 931 970 lan,
965 923 1152 954 munera
1185 909 1397 954 censoria
1421 910 1645 953 adeuntes
1670 910 1851 954 inducit.

339 981 431 1024 Sed
466 994 523 1023 ex
556 981 691 1024 Taciti
725 981 895 1024 verbis:
931 982 1081 1024 munia
1115 994 1347 1036 usurpans
1376 984 1642 1037 —apparet
1676 980 1852 1024 Claudi-

340 1064 413 1093 um
449 1064 503 1094 eo
538 1056 744 1105 tempore
778 1052 865 1093 hoc
899 1064 1065 1093 munus
1099 1051 1267 1103 adisse,
1309 1052 1364 1094 de
1398 1063 1486 1107 quo
1527 1051 1615 1093 hoc
1649 1051 1750 1094 loco
1785 1064 1850 1094 re-

337 1123 492 1174 fertur,
528 1121 551 1164 i.
587 1135 623 1165 e.
660 1125 765 1177 post
798 1122 932 1165 ludos
966 1122 1233 1165 saeculares
1267 1122 1481 1177 (exeunte
1509 1133 1667 1164 mense
1689 1120 1847 1177 Aprili)

339 1191 455 1239 Quid
491 1191 735 1248 significet:
772 1204 1009 1247 usurpare,
1055 1204 1111 1234 ex
1144 1191 1194 1234 Vl
1221 1192 1253 1233 11
1290 1192 1451 1242 elucet,
1486 1191 1558 1234 ubi
1593 1195 1687 1234 est:
1723 1203 1850 1246 prae-

338 1261 500 1314 ficitur,
535 1261 607 1318 qui
642 1263 886 1306 consulare
920 1275 1085 1305 munus
1126 1265 1316 1318 usurpet
1355 1262 1429 1319 (ε
1462 1261 1627 1316 adeat).
1693 1261 1851 1317 Neque

339 1333 458 1388 apud
501 1334 648 1375 solum
688 1332 891 1375 Tacitum
934 1333 1052 1374 hanc
1101 1332 1186 1374 vim
1226 1332 1349 1375 verbi
1390 1333 1727 1388 cognoscimus,
1767 1332 1850 1375 sed

338 1403 473 1446 etiam
507 1404 626 1458 apud
651 1403 759 1446 Vell.
785 1403 962 1446 Patere.
990 1403 1019 1445 ll
1044 1404 1166 1453 27,5:
1201 1402 1326 1446 Sulla
1351 1401 1509 1445 Felicis
1540 1416 1703 1446 nomen
1728 1403 1847 1458 quod

340 1472 518 1528 quidem
567 1477 842 1529 usurpasset
867 1507 1018 1524 .....
1060 1473 1131 1515 ubi
1179 1485 1404 1528 usurpare
1451 1472 1566 1515 idem
1610 1475 1681 1515 est
1714 1475 1850 1528 atque

340 1556 598 1586 assumere.
626 1542 658 1598 ²)
724 1542 936 1586 Ceterum
991 1555 1176 1598 semper
1234 1554 1392 1584 mense
1441 1541 1579 1597 Aprili
1628 1553 1849 1584 censores

340 1627 505 1656 munus
546 1613 790 1667 adibant,³)
825 1626 984 1656 mense
1026 1612 1157 1669 igitur
1195 1612 1383 1656 Octobri
1424 1612 1612 1668 proximi
1653 1611 1758 1655 anni
1797 1624 1850 1655 se

338 1684 628 1727 abdicabant.
676 1684 797 1726 Bene
831 1685 919 1727 hac
952 1696 1053 1726 cum
1088 1696 1136 1726 re
1170 1684 1412 1735 consentit,
1447 1683 1564 1739 quod
1599 1686 1692 1726 tum
1719 1682 1848 1727 Clau-

338 1755 439 1797 dius
480 1754 658 1798 Ostiam
701 1755 935 1809 profectus
970 1757 1062 1796 est:
1109 1759 1155 1796 ut
1197 1753 1276 1796 Dio
1317 1754 1389 1796 Lx
1417 1754 1496 1796 314
1542 1753 1699 1796 tradit:
1744 1754 1850 1806 πρὸς

337 1827 552 1878 ἐπίσκεψιν
614 1827 737 1870 σίτου,
802 1837 889 1879 qua
954 1837 1010 1866 ex
1064 1837 1111 1866 re
1174 1823 1447 1867 concludere
1511 1824 1613 1866 licet
1673 1826 1846 1866 autum-

337 1908 441 1937 num
492 1908 546 1938 ea
590 1898 865 1951 tempestate
905 1895 1065 1937 fuisse.
1131 1894 1335 1937 Mensem
1385 1893 1577 1949 denique
1626 1893 1773 1949 ipsum
1822 1906 1847 1936 e

336 1966 488 2009 Tacito
523 1966 851 2023 cognoscimus
885 1965 940 2008 Xl
960 1966 1020 2016 31,
1057 1965 1128 2007 ubi
1163 1968 1253 2007 est:
1302 1964 1551 2007 Messalina
1585 1966 1736 2007 adulto
1771 1978 1847 2008 au-

337 2042 493 2079 tumno
528 2036 822 2079 simulacrum
864 2035 1117 2078 vindemiae
1158 2035 1415 2078 celebravit.
1480 2035 1738 2078 Autumnus
1771 2048 1847 2078 au-

336 2111 426 2148 tem
473 2106 658 2148 adultus
711 2109 783 2148 est
839 2105 1011 2148 mensis
1057 2105 1262 2148 October
1281 2105 1330 2161 ⁴).
1407 2104 1579 2147 Deinde
1632 2104 1847 2147 Claudius

339 2176 631 2232 Agrippinam
667 2188 854 2218 uxorem
903 2174 1040 2226 duxit,
1086 2175 1109 2217 i.
1144 2188 1181 2218 e.
1228 2174 1411 2219 ineunte
1456 2188 1577 2218 anno
1610 2176 1679 2218 49.
1744 2175 1846 2223 Quo

336 2247 459 2290 facto
496 2259 607 2302 „per
640 2245 756 2288 idem
792 2249 974 2302 tempus
1007 2245 1139 2302 legati
1167 2245 1433 2288 Parthorum
1468 2248 1678 2288 senatum
1703 2245 1845 2302 ingre·
1901 2252 1904 2254 ’

337 2317 545 2360 diuntur“
582 2316 761 2369 (xiim),
809 2321 855 2359 ut
888 2316 1022 2372 legati
1071 2316 1192 2378 initio
1238 2316 1417 2359 demum
1464 2317 1568 2360 anni
1602 2318 1686 2368 49„
1729 2330 1847 2372 quae

337 2389 589 2439 voluerunt,
635 2386 839 2430 assecuti
886 2387 989 2438 sint,
1039 2386 1218 2429 biennio
1268 2390 1372 2442 post
1422 2386 1666 2430 adventum
1713 2386 1845 2431 inter,

338 2458 495 2508 misso,
531 2457 568 2499 si
602 2457 789 2500 Tacitus
830 2460 1006 2499 tantum
1050 2457 1107 2498 ad
1148 2470 1351 2499 mensem
1392 2456 1590 2512 Aprilem
1632 2456 1736 2500 anni
1775 2458 1844 2500 47.

480 2599 510 2643 ι)
542 2598 661 2641 Peter,
693 2598 859 2633 Historia
888 2597 1068 2639 Romana,
1099 2598 1205 2632 Halis
1234 2599 1334 2633 1883.
1361 2598 1432 2632 vol.
1462 2598 1521 2633 111.
1549 2610 1632 2643 pag.
1659 2600 1739 2634 281.

480 2658 508 2701 2)
538 2657 582 2693 cf.
610 2656 686 2692 Cic.
716 2656 752 2691 in
775 2657 942 2700 Verrem,
970 2656 979 2691 l
1008 2656 1049 2691 V.
1074 2657 1120 2691 20
1147 2657 1168 2701 ξ
1198 2657 1258 2691 51:
1287 2656 1484 2702 imperium
1512 2656 1714 2701 quotannis
1741 2667 1845 2692 usur-

337 2719 462 2761 patum
491 2726 534 2750 ac
561 2726 712 2761 semper
738 2717 935 2750 retentum.
964 2714 1008 2750 cf.
1032 2715 1271 2757 Doederlein,
1295 2715 1510 2761 Synonyma
1532 2716 1671 2759 Latina,
1700 2715 1845 2760 Lipsiae

338 2777 437 2819 1823,
465 2776 536 2811 vol.
567 2775 612 2810 lll
643 2786 727 2821 pag.
758 2775 835 2811 137.

479 2836 507 2879 3)
536 2835 699 2877 Schiller‚
738 2834 990 2880 Antiquitatcs
1028 2834 1132 2871 Rom.
1166 2835 1265 2879 apud
1290 2834 1319 2879 J.
1348 2833 1508 2869 Mueller
1535 2834 1618 2870 lV2
1651 2845 1736 2880 pag.
1764 2835 1843 2870 548.

478 2894 508 2938 ⁴)
537 2893 638 2929 Serv.
666 2893 713 2928 ad
742 2894 852 2939 Verg.
880 2893 1022 2938 Georg.
1054 2894 1061 2927 l
1085 2895 1141 2928 43.
