2090 3320
982 218 1037 259 49

248 358 307 402 sit
338 358 548 415 Augusto
581 357 675 400 iure
709 354 888 412 publico
932 367 1022 398 non
1062 354 1247 398 licuisse
1281 353 1530 410 pomerium
1570 367 1754 411 augere,

248 442 337 486 qua
369 441 427 472 ex
458 440 508 471 re
540 426 758 483 sequitur,
801 428 849 469 ut
890 438 992 470 cum
1022 424 1245 470 Claudius
1278 424 1377 468 eius
1420 437 1586 468 nomen
1620 424 1754 477 dicat,

247 497 379 555 quasi
411 497 632 548 auxisset,
666 496 708 539 id
741 509 798 539 ex
831 509 886 540 eo
918 496 1044 548 libro,
1090 509 1223 552 quem
1257 494 1522 552 suspicatur
1563 495 1629 538 Fr.
1666 496 1754 539 Leo

246 568 363 614 sumi
408 568 529 612 nullo
574 566 709 611 modo
754 566 963 624 potuerit.
1028 566 1181 624 ltaque
1233 567 1335 611 nihil
1387 567 1624 619 habemus,
1674 579 1755 611 cur

247 638 366 695 quod
389 650 531 695 supra
553 637 852 693 exposuimus
874 637 1079 681 Tacitum
1103 638 1159 680 ad
1179 638 1421 681 scribenda
1439 637 1751 680 xit—xxiv.

247 709 397 765 capita
429 711 534 751 acta
566 711 759 751 senatus
791 706 974 760 adiisse,
1009 707 1255 751 mittamus.

386 777 613 822 Vicesimo
656 777 811 834 quinto
854 777 1003 834 capite
1048 781 1291 821 narrantur
1331 790 1421 829 res,
1466 791 1582 833 quae
1627 777 1750 821 initio

244 847 350 892 anni
383 851 488 905 post
521 847 624 892 Chr.
657 852 748 892 nat.
782 847 1141 906 quinquagesimi
1181 851 1343 905 gestae
1382 851 1502 900 sunt,
1547 847 1749 904 inprimis

244 918 428 975 adoptio
462 918 668 962 Neronis.
733 918 918 962 Tacitus
951 919 1272 976 imperatorem
1303 918 1554 962 orationem
1579 919 1748 961 haben-

243 992 333 1032 tem
365 988 493 1033 facit:
528 989 721 1034 eundem
755 989 797 1033 in
831 1002 963 1046 quem
997 1002 1024 1033 a
1052 989 1210 1033 liberto
1235 988 1476 1046 (Pallante)
1500 992 1749 1045 acceperat

243 1059 438 1103 modum.
501 1059 778 1117 Scriptorem
822 1062 940 1103 hanc
985 1060 1237 1104 orationem
1283 1059 1453 1116 legisse
1487 1060 1604 1102 satis
1636 1058 1747 1102 veri-

242 1129 386 1174 simile
433 1134 517 1182 est,
563 1143 665 1174 cum
710 1130 916 1187 singulas
961 1130 1059 1174 eius
1100 1134 1254 1187 partes
1294 1134 1431 1174 antea
1477 1130 1519 1173 in
1562 1130 1746 1174 modum

242 1200 494 1256 partitionis
533 1204 745 1257 exponat.
808 1200 1060 1257 Augustus,
1106 1200 1237 1244 cuius
1281 1200 1324 1243 in
1370 1214 1425 1244 ea
1470 1200 1638 1243 mentio
1683 1200 1746 1252 fit,

243 1269 381 1313 Divus
414 1271 668 1327 appellatur
699 1271 906 1314 sollemni
946 1284 1033 1314 usu
1066 1274 1272 1314 senatus.
1336 1270 1429 1314 Sed
1469 1272 1570 1327 plus
1616 1270 1747 1315 nobis

241 1340 372 1391 valet,
407 1340 526 1396 quod
559 1340 745 1383 Tacitus
777 1340 922 1384 addit:
956 1340 1238 1384 adnotabant
1271 1340 1400 1396 periti
1430 1341 1597 1383 nullam
1621 1344 1745 1384 ante‘

239 1410 327 1453 hac
374 1410 664 1466 adoptionem
712 1411 828 1453 inter
879 1410 1095 1466 patricios
1144 1410 1359 1454 Claudios
1412 1410 1711 1466 reperiri...

239 1478 379 1523 Simili
426 1480 621 1523 formula
668 1479 856 1536 saepius
904 1479 1061 1523 utitur:
1109 1480 1212 1523 hist.
1265 1479 1388 1523 11137
1437 1479 1651 1537 Agricola
1689 1481 1747 1523 22

239 1548 399 1592 Annal.
440 1548 581 1593 Xlll3
624 1549 923 1605 (adnotabant
966 1549 1208 1606 seniores).
1272 1549 1436 1602 Verba,
1481 1563 1598 1606 quae
1641 1549 1744 1593 hist.

241 1618 365 1662 11137
399 1622 443 1663 et
476 1632 579 1663 ann.
615 1619 752 1679 Χ1113
784 1620 1135 1673 adnotabantur,
1168 1620 1267 1663 sine
1300 1620 1435 1665 dubio
1459 1633 1516 1664 ex
1540 1619 1743 1664 Pliniano

238 1702 377 1744 opere
409 1694 593 1745 sumpta
637 1694 756 1741 sunt,
805 1690 1015 1746 idemque
1058 1691 1114 1734 de
1162 1692 1250 1734 hoc
1294 1692 1394 1735 loco
1438 1691 1742 1747 suspicamur.

237 1758 331 1803 Sed
364 1772 482 1816 quae
515 1758 642 1816 periti
662 1759 970 1813 adnotabant,
1014 1772 1174 1803 revera
1213 1761 1352 1804 verba
1386 1759 1559 1805 Claudii
1599 1759 1743 1817 ipsius

237 1832 380 1881 erant,
425 1830 464 1872 si
503 1830 770 1873 Suetonium
809 1830 1044 1886 sequimur
1083 1831 1258 1886 (Claud.
1291 1832 1348 1873 39
1381 1832 1527 1885 extr.),
1574 1832 1657 1875 sed
1698 1831 1740 1873 in

235 1899 324 1943 hoc
355 1903 520 1943 senatu
554 1913 643 1944 non
676 1900 795 1943 fecit.
859 1899 976 1944 Nam
1016 1900 1058 1943 id
1092 1900 1244 1944 Pallas
1276 1914 1448 1957 passus
1491 1914 1581 1944 non
1614 1905 1742 1945 esset

236 1981 429 2026 eamque
462 1970 518 2014 ob
552 1983 647 2013 rem
680 1969 866 2013 Tacitus
890 1969 993 2013 nihil
1021 1970 1278 2014 huiusmodi
1302 1970 1343 2013 in
1377 1969 1493 2013 actis
1527 1971 1740 2027 repperit.

235 2039 485 2084 Verisimile
530 2039 662 2084 nobis
708 2039 884 2084 videtur
928 2039 1117 2088 Plinium
1166 2042 1281 2084 haec
1328 2041 1468 2084 verba
1516 2040 1557 2083 in
1606 2040 1740 2084 aliam

233 2110 437 2154 fortasse
467 2112 660 2155 formam
695 2110 881 2155 redacta
914 2110 1038 2168 operi
1077 2124 1163 2155 suo
1204 2110 1455 2155 inseruisse
1488 2113 1533 2154 et
1565 2124 1623 2155 ex
1655 2124 1741 2154 sua

233 2181 462 2225 sententia
507 2181 566 2238 (id
610 2181 728 2238 quod
773 2181 1001 2238 significat
1032 2181 1218 2225 Tacitus
1251 2182 1423 2225 verbis:
1457 2181 1740 2224 adnotabant

233 2250 381 2308 periti)
415 2252 657 2296 rettulisse.
721 2251 817 2296 Nos
850 2252 1030 2308 quidem
1064 2252 1224 2296 iterum
1258 2251 1585 2309 cognoscimus
1616 2251 1737 2295 Taciae

233 2323 327 2364 tum
361 2334 451 2365 uno
484 2325 603 2366 teste
637 2334 726 2366 non
760 2324 1023 2365 contentum
1057 2321 1246 2365 aliorum
1277 2321 1439 2365 iudicio
1473 2325 1517 2365 et
1556 2325 1739 2365 senten-

231 2391 322 2436 tiae
355 2392 604 2437 studuisse.
670 2392 771 2450 lpse
802 2392 1013 2437 sensisse
1045 2392 1221 2437 videtur
1242 2405 1295 2436 se
1317 2392 1441 2436 filum
1466 2391 1738 2437 narrationis

231 2461 547 2519 interrupisse,
590 2476 693 2507 cum
735 2463 808 2507 his
850 2462 1001 2506 verbis
1043 2462 1247 2506 scribere
1294 2467 1472 2520 pergat:
1523 2462 1737 2507 Ceterum

231 2535 365 2576 actae
398 2532 585 2590 principi
609 2537 781 2591 grates,
814 2532 1091 2589 quaesitiore
1126 2532 1167 2575 in
1192 2532 1433 2576 Domitium
1457 2533 1737 2585 adulatione;

230 2605 482 2659 rogataque
515 2604 600 2655 lex,
634 2616 723 2659 qua
756 2603 798 2646 in
831 2603 1044 2647 familiam
1069 2603 1307 2647 Claudiam
1341 2607 1387 2647 et
1409 2616 1573 2647 nomen
1597 2603 1736 2647 Nero-

230 2670 301 2715 nis
322 2671 553 2716 transiret.
599 2672 805 2731 Augetur
827 2676 872 2716 et
888 2672 1136 2730 Agrippina
1158 2677 1464 2730 cognomento
1482 2672 1736 2730 Augustae.

230 2767 285 2772 —-
320 2740 453 2795 idem,
486 2743 568 2786 sed
603 2744 742 2787 multo
776 2743 957 2788 brevius
982 2743 1064 2787 Dio
1095 2743 1231 2787 tradit
1263 2744 1488 2801 (Zonaras
1521 2743 1578 2786 Xl
1596 2744 1643 2788 10
1663 2744 1735 2800 B):

227 2813 328 2865 μετὰ
360 2818 484 2854 ταῦτα
517 2815 562 2855 δὲ
599 2816 669 2855 καὶ
707 2816 953 2869 Αὖγούσταν
988 2821 1059 2870 τῆν
1085 2817 1362 2870 Ἀγριππΐναν
1399 2817 1627 2862 ἓπεκάλεσε,
1666 2819 1737 2858 καὶ

227 2880 297 2923 τὸν
327 2882 416 2924 υἱὸν
453 2884 578 2940 αὐτῆς
619 2886 955 2941 εἰςποιησάμενος
991 2886 1262 2941 μετωνόμασε
1303 2886 1736 2942 ἨβέριονΚλαύόιον

1528 2967 1551 3000 4
