2090 3320
954 205 1095 267 &36

311 342 437 382 esset
473 343 518 382 et
552 340 746 382 exculta.
814 339 902 384 Pro
938 344 1064 383 certo
1099 341 1231 398 igitur
1268 341 1492 384 habemus
1530 341 1647 384 haec
1680 340 1828 384 edicta

311 409 538 460 censoria,
574 423 847 466 quamquam
883 410 1072 454 Claudio
1106 424 1224 468 opus
1258 424 1346 455 non
1381 414 1490 462 erat,
1525 424 1627 454 cum
1661 414 1825 454 senatu

310 479 649 524 communicata
673 481 975 537 expositaque
999 495 1107 525 esse
1130 486 1267 538 atque
1291 486 1384 525 tum
1419 482 1460 526 in
1495 486 1600 527 acta
1632 484 1825 525 senatus

310 550 494 603 inserta,
529 551 648 594 unde
671 550 852 594 Tacitus
875 551 1084 608 sumpsit,
1120 565 1236 607 quae
1262 552 1304 595 in
1330 552 1461 596 XXV.
1486 552 1634 609 capite
1658 556 1825 595 narrat.

310 621 427 664 Num
461 634 579 676 quae
613 621 668 664 de
703 622 845 665 lustro
885 622 1035 673 refert,
1071 622 1264 666 indidem
1299 622 1504 678 petiverit
1536 635 1823 678 nequaquam

312 690 561 733 decernere
596 691 833 742 audemus,
884 703 987 735 cum
1027 691 1235 735 facillime
1279 692 1350 736 hic
1390 705 1607 736 numerus
1645 692 1687 735 in
1728 691 1826 735 aliis

310 760 605 803 relationibus
666 760 849 804 inveniri
906 762 1115 817 potuerit.
1190 762 1282 805 Sed
1338 762 1440 805 nihil
1501 763 1668 814 obstat,
1722 762 1825 817 quin

312 830 518 874 dicamus
573 845 630 875 ex
684 830 797 887 ipsis
851 831 967 875 actis
1021 835 1213 875 senatus
1267 836 1499 888 sumptum
1548 845 1669 884 esse,
1722 845 1824 876 cum

311 900 497 943 Tacitus
531 900 597 944 eis
632 901 766 956 paulo
791 905 897 944 ante
930 914 1043 944 usus
1066 901 1125 943 sit
1155 914 1301 957 neque
1326 901 1508 944 dubium
1533 915 1640 945 esse
1665 902 1824 958 possit,

312 969 414 1026 quin
452 970 670 1014 Claudius
704 971 759 1014 de
792 971 935 1014 lustro
968 984 1054 1014 suo
1091 971 1132 1014 in
1166 975 1271 1015 acta
1304 976 1497 1015 senatus
1532 972 1824 1016 inserendum

311 1041 551 1084 curaverit.

458 1111 892 1167 Appropinquamus
950 1113 1164 1168 paulatim
1219 1113 1256 1156 ei
1311 1117 1541 1156 momento
1594 1113 1826 1169 temporis,

312 1194 400 1237 quo
449 1181 645 1237 scriptor
693 1181 884 1237 primum
940 1195 1058 1238 opus
1113 1182 1362 1225 Plinianum
1418 1183 1537 1225 adiit.
1603 1182 1824 1226 Consulto

312 1252 462 1295 adhuc
515 1250 557 1294 in
612 1250 936 1295 enumerandis
988 1251 1189 1296 fontibus
1242 1252 1425 1296 omnino
1480 1252 1643 1295 Aufidii
1691 1252 1824 1296 Bassi

312 1335 477 1364 nomen
519 1321 776 1373 omisimus;
832 1335 935 1364 nam
980 1336 1083 1365 cum
1125 1336 1181 1365 ex
1220 1322 1319 1366 eius
1359 1322 1543 1378 scriptis
1582 1322 1685 1365 nihil
1731 1323 1825 1366 fere

312 1391 527 1447 supersit,
573 1400 969 1447 supervacaneum
1011 1395 1055 1435 et
1094 1392 1247 1435 inutile
1287 1393 1418 1435 nobis
1457 1392 1693 1435 videbatur
1738 1394 1826 1435 hoc

314 1463 369 1504 de
403 1462 628 1516 scriptore
667 1461 831 1516 aliquid
872 1463 1056 1512 referre,
1103 1462 1233 1505 cuius
1273 1475 1329 1506 ne
1369 1462 1604 1505 consilium
1644 1462 1824 1517 quidem

315 1530 519 1586 ratioque
554 1531 684 1573 nobis
719 1534 826 1574 nota
860 1530 962 1573 sint.

453 1600 639 1644 Tacitus
686 1604 889 1645 extremo
935 1601 1088 1645 XXVl.
1144 1601 1305 1658 capite,
1357 1605 1598 1659 postquam
1655 1601 1823 1645 exitum

313 1671 512 1714 muneris
546 1671 741 1714 censorii
767 1671 939 1715 Claudii
974 1671 1152 1722 rettulit,
1188 1684 1269 1727 per
1302 1671 1490 1715 ironiam
1524 1674 1640 1715 haec
1673 1672 1825 1728 posuit

312 1743 471 1785 verba:
519 1741 650 1797 lsque
690 1740 745 1784 illi
787 1741 892 1784 finis
934 1741 1141 1786 inscitiae
1181 1754 1290 1799 erga
1330 1742 1511 1786 domum
1551 1755 1683 1786 suam
1723 1742 1823 1786 fuit:

313 1813 432 1855 haud
468 1814 606 1855 multo
641 1816 745 1867 post
777 1812 949 1868 flagitia
983 1813 1139 1855 uxoris
1164 1826 1357 1856 noscere
1391 1827 1447 1856 ac
1486 1813 1646 1869 punire
1690 1814 1823 1856 adac-

311 1886 399 1934 tus,
434 1886 481 1924 ut
505 1881 666 1924 deinde
690 1883 958 1925 ardesceret
980 1881 1022 1924 in
1047 1882 1230 1939 nuptias
1253 1882 1469 1926 incestas.
1501 1908 1556 1911 —
1589 1883 1822 1926 Tredecim

310 1958 404 1995 tum
440 1952 591 2008 capita
614 1952 795 1995 Tacitus
829 1953 1057 1997 consumit
1090 1954 1146 1996 ad
1171 1953 1521 1997 describendum
1545 1954 1825 1997 Messalinae

312 2022 552 2066 interitum.
619 2021 820 2079 Undique
854 2022 1046 2080 collegit,
1094 2035 1211 2080 quae
1245 2022 1283 2066 ei
1318 2023 1419 2066 usui
1459 2035 1565 2066 esse
1600 2026 1822 2079 poterant,

311 2093 637 2149 diligenterque
686 2093 921 2149 quaesivit,
976 2098 1146 2149 quanta
1201 2094 1363 2149 cuique
1415 2094 1532 2136 fides
1586 2093 1824 2137 tribuenda

312 2167 453 2214 esset,
489 2167 537 2206 ut
568 2162 666 2219 ipse
700 2163 806 2206 dicit
840 2164 913 2220 (27
947 2163 1084 2220 extr):
1135 2163 1249 2206 Nihil
1285 2162 1589 2220 compositum
1622 2162 1823 2207 miraculi

313 2247 472 2285 causa,
520 2246 678 2276 verum
725 2234 878 2277 audita
923 2235 1186 2290 scriptaque
1231 2234 1491 2277 senioribus
1536 2234 1725 2277 tradam.
1768 2261 1823 2264 —

313 2303 394 2347 His
428 2303 483 2347 de
517 2303 655 2347 rebus
690 2303 860 2348 Plinius
899 2317 1002 2347 cum
1037 2305 1076 2347 A
1108 2304 1198 2348 fine
1234 2303 1396 2348 Aufidii
1439 2304 1570 2348 Bassi
1604 2305 1824 2350 scriberet

314 2374 416 2417 nihil
452 2374 683 2418 rettulisse
717 2375 904 2418 videtur.
952 2375 1068 2418 Nam
1102 2388 1190 2431 qua
1215 2379 1312 2418 erat
1334 2374 1495 2427 indole,
1530 2376 1822 2419 occasionem

312 2458 401 2488 non
428 2445 828 2501 praetermisisset,
862 2445 966 2501 quin
991 2445 1223 2489 lasciviam
1247 2447 1467 2489 moechae
1492 2446 1656 2502 regiae,
1687 2460 1822 2503 quam

312 2515 353 2557 in
389 2514 591 2558 Naturali
626 2514 814 2558 historia
849 2515 1017 2571 (X172)
1052 2519 1393 2567 commemorat,
1419 2516 1621 2559 referret.
1675 2516 1823 2573 Atque

312 2585 448 2630 etiam
484 2584 656 2629 maiore
689 2585 840 2628 studio
874 2598 1009 2641 quam
1044 2584 1228 2628 Tacitus
1269 2585 1312 2641 (i.
1347 2599 1383 2628 e.
1418 2599 1476 2629 ex
1508 2585 1667 2642 Plinio)
1709 2588 1822 2631 Sue·

311 2656 465 2701 tonius
498 2657 614 2699 haec
648 2655 689 2698 in
724 2655 883 2699 librum
917 2669 1051 2699 suum
1086 2655 1370 2708 inseruisset,
1405 2656 1477 2712 qui
1501 2656 1598 2699 aliis
1621 2656 1822 2700 fontibus

312 2741 425 2771 usus
474 2730 546 2771 est
595 2740 650 2771 ac
698 2726 894 2771 Tacitus.
959 2726 1042 2769 Hic
1088 2725 1204 2769 enim
1239 2739 1328 2770 non
1367 2727 1514 2780 tradit,
1558 2728 1677 2784 quod
1710 2727 1822 2772 Sue-

310 2799 463 2842 tonius
498 2801 655 2842 narrat
689 2797 864 2854 (Claud.
898 2798 968 2841 29.
1003 2798 1154 2852 extr.):
1204 2797 1384 2854 nuptiis,
1425 2811 1541 2855 quas
1574 2798 1823 2843 Messalina

311 2882 413 2913 cum
447 2868 654 2913 adultero
687 2867 796 2913 Silio
828 2870 1017 2922 fecerat,
1062 2868 1254 2912 tabellas
1294 2868 1412 2912 dotis
1451 2872 1496 2912 et
1534 2868 1681 2925 ipsum
1715 2882 1820 2914 con-
