2090 3320
994 185 1050 235 53

276 331 430 389 plures
469 331 716 375 relationes
762 342 865 374 eum
903 334 1113 374 secutum
1155 343 1278 382 esse,
1324 342 1442 386 quae
1479 342 1507 373 a
1545 330 1781 386 praefecto

276 401 439 446 Suriae
457 400 638 446 senatui
654 400 947 445 mittebantur
965 399 1070 445 etin
1089 404 1193 445 acta
1211 403 1404 445 senatus
1423 403 1639 457 receptae
1661 403 1782 444 sunt.

417 470 783 527 Quadragesimo
817 471 959 527 primo
992 470 1141 527 capite
1173 470 1359 514 Tacitus
1398 474 1567 522 narrat,
1613 473 1784 525 quanta

276 554 379 585 cum
413 539 594 584 Nerone
627 539 838 584 simultas
872 539 1131 584 Britannico
1163 540 1310 584 fuerit.
1376 539 1495 584 ldem
1529 552 1633 583 cum
1670 539 1783 583 Sue-

276 610 429 655 tonius
461 610 626 662 tradat,
672 622 840 666 operae
873 609 1064 667 pretium
1098 610 1273 654 videtur
1304 623 1587 667 comparare,
1633 609 1785 654 verbis

277 681 376 724 eius
408 679 560 723 Tacito
593 680 991 725 accommodatis.-

512 750 598 786 Tac.
625 750 763 787 X1141.
1196 750 1296 786 Suet.
1323 750 1396 786 vita
1422 750 1585 786 Neronis
1611 752 1644 786 7.

279 809 457 855 Princeps
471 808 671 845 iuventutis
696 809 905 856 appellatus
926 811 994 854 est,
1067 808 1262 845 Deductus
1300 809 1337 845 in
1376 808 1499 845 forum
1537 808 1609 845 tiro
1641 808 1784 855 populo

276 868 444 904 additum
472 868 625 904 nomine
658 868 739 904 eius
774 869 991 904 donativum
1065 868 1309 914 congiarium,
1337 867 1440 903 militi
1461 867 1680 903 donativum
1701 878 1786 913 pro-

230 923 232 925 *
278 927 393 972 militi,
421 926 653 973 congiarium
681 927 816 974 plebei.
1065 927 1202 973 posuit.
1239 927 1415 972 Namque
1438 926 1689 962 Britannicum
1716 926 1785 962 fra-

277 986 389 1022 Obvii
416 986 512 1022 inter
536 996 578 1021 se
605 986 707 1022 Nero
741 985 992 1022 Britannicum
1064 988 1169 1029 trem,
1208 986 1312 1030 quod
1347 996 1388 1021 se
1420 986 1508 1031 post
1538 985 1785 1031 adoptionem

278 1044 443 1088 nomine,
463 1044 524 1079 ille
546 1043 754 1079 Domitium
776 1044 994 1080 salutavere.
1066 1043 1362 1079 Ahenobarbum
1390 1043 1666 1079 consuetudine
1688 1043 1785 1079 salu-

1064 1104 1181 1138 tasset
1196 1130 1353 1138 ......

281 1166 362 1210 His
395 1179 452 1209 ex
483 1165 635 1209 verbis
667 1169 858 1222 apparet
898 1167 1062 1210 ambos
1102 1166 1262 1210 eodem
1302 1179 1416 1210 usos
1456 1178 1564 1210 esse
1597 1169 1786 1210 auctore

279 1236 361 1280 sed
394 1248 496 1292 quo,
543 1249 600 1280 ex
631 1235 772 1280 Taciti
807 1237 987 1280 demum
1022 1236 1283 1280 narratione
1328 1236 1667 1293 cognoscimus,
1713 1235 1786 1279 ubi

279 1307 367 1349 hoc
400 1309 445 1348 et
478 1305 682 1361 proximo
723 1305 873 1362 capite
914 1305 1190 1363 Agrippinae
1230 1318 1410 1348 summa
1455 1318 1565 1362 pars
1608 1305 1789 1349 obvenit

280 1379 417 1433 atque
457 1379 605 1419 mater
643 1374 838 1420 Neronis
880 1379 1008 1419 tanto
1048 1375 1150 1420 odio
1190 1375 1443 1432 invidiaque
1483 1375 1697 1427 obruitur,
1743 1378 1792 1419 ut

281 1445 506 1489 neminem
540 1446 624 1490 nisi
659 1446 847 1490 Plinium
893 1447 935 1490 id
978 1446 1225 1503 scripsisse
1270 1446 1480 1490 credibile
1520 1447 1592 1490 sit.
1655 1446 1789 1495 Quod

281 1515 580 1560 confirmatur
619 1516 775 1573 primis
810 1517 962 1560 verbis
994 1517 1064 1560 43.
1105 1517 1268 1573 capitis
1307 1517 1380 1561 ubi
1421 1521 1512 1560 est:
1555 1517 1696 1560 Multa
1735 1529 1790 1560 eo

282 1599 402 1631 anno
449 1586 651 1645 prodigia
696 1599 905 1632 evenere.
954 1613 1010 1618 -—
1059 1587 1186 1631 Haec
1235 1587 1378 1644 prima
1422 1587 1542 1645 apud
1586 1587 1791 1631 Tacitum

282 1656 588 1713 prodigiorum
623 1658 922 1710 enumeratio,
970 1671 1086 1713 quae
1121 1671 1178 1701 ex
1211 1670 1265 1700 eo
1298 1671 1419 1701 anno
1452 1658 1642 1713 saepius
1674 1657 1791 1699 inve-

282 1726 413 1771 nitur.
470 1726 574 1776 Qua
607 1734 663 1772 ex
697 1741 744 1772 re
777 1726 1037 1785 Nipperdey
1076 1727 1119 1771 in
1158 1727 1366 1772 editionis
1401 1727 1683 1784 praefatione
1717 1727 1794 1785 (11⁰

283 1808 385 1854 pag.
408 1797 482 1852 30)
516 1797 791 1841 concludere
816 1797 901 1840 sibi
934 1798 1069 1841 licere
1103 1801 1232 1854 putat
1263 1799 1385 1841 hunc
1410 1799 1559 1842 locum
1584 1811 1640 1841 ex
1664 1797 1793 1840 Plini-

283 1880 372 1910 ano
399 1867 510 1911 libro
533 1871 762 1924 sumptum
794 1881 915 1921 esse,
941 1881 1029 1924 qua
1057 1867 1099 1911 in
1132 1881 1180 1912 re
1210 1868 1399 1912 libenter
1417 1882 1520 1913 eum
1549 1868 1793 1924 sequimur.

427 1937 662 1994 Capitibus
715 1938 924 1981 44.—51.
984 1941 1230 1981 narrantur
1289 1952 1364 1982 res
1425 1938 1545 1995 apud
1599 1938 1796 1982 Parthos

284 2012 459 2065 gestae,
493 2021 609 2063 quas
642 2008 762 2051 unde
795 2007 993 2064 scriptor
1016 2008 1278 2064 sumpserit,
1313 2012 1360 2051 ut
1393 2012 1666 2060 statuamus
1702 2021 1791 2052 non

286 2078 418 2122 nobis
452 2077 651 2133 contigit.
695 2077 787 2121 Sed
822 2091 877 2121 eo
912 2080 1040 2134 plura
1074 2077 1206 2122 nobis
1240 2080 1294 2122 de
1327 2079 1397 2122 52.
1422 2078 1571 2134 capite
1604 2079 1796 2122 dicenda

286 2151 413 2192 sunt:
464 2147 632 2191 Fausto
665 2146 791 2191 Sulla
823 2146 976 2191 Salvio
1010 2147 1194 2192 Othone
1238 2148 1504 2193 consulibus
1536 2153 1675 2202 (anno
1707 2148 1796 2202 52.)

298 2218 332 2273 1)
368 2217 528 2261 Furius
561 2218 891 2261 Scribonianus
924 2217 967 2260 in
1002 2218 1208 2261 exsilium
1242 2219 1402 2275 agitur,
1438 2219 1568 2274 quasi
1588 2252 1597 2262 .
1617 2252 1625 2262 .
1646 2252 1684 2262 ..

286 2287 331 2344 2)
367 2287 432 2332 De
468 2287 801 2331 mathematicis
840 2287 963 2331 ltalia
998 2288 1218 2344 pellendis
1257 2289 1427 2332 factum
1463 2292 1656 2332 senatus
1691 2301 1797 2333 con‘

430 2358 598 2400 sultum
612 2361 658 2410 1).
679 2374 685 2379 ·

285 2427 331 2482 3)
369 2427 556 2470 Laudati
602 2426 765 2470 dehinc
810 2426 1017 2471 oratione
1062 2426 1290 2483 principis,
1344 2428 1416 2483 qui
1460 2429 1517 2472 ob
1560 2428 1800 2485 angustias

431 2496 681 2541 familiares
705 2496 863 2541 ordine
890 2497 1124 2541 senatorio
1147 2501 1313 2554 sponte
1336 2499 1567 2552 cederent,
1601 2499 1801 2554 motique

430 2568 503 2623 qui
540 2568 818 2611 remanendo
852 2567 1176 2624 impudentiam
1210 2569 1463 2624 paupertati
1497 2568 1742 2612 adicerent.

292 2636 336 2693 4)
374 2636 491 2680 lnter
523 2651 640 2694 quae
674 2640 812 2682 refert
845 2638 902 2682 ad
937 2641 1093 2694 patres
1118 2638 1174 2681 de
1197 2651 1346 2695 poena
1369 2638 1652 2691 feminarum,
1686 2651 1804 2695 quae

431 2708 579 2751 servis
613 2708 1009 2765 coniungerentur.
1127 2709 1129 2711 ’

434 2807 462 2852 ¹)
492 2807 754 2843 Dio-Zonaras
782 2808 831 2842 XI
850 2809 893 2842 10
920 2807 971 2842 D:
1020 2803 1071 2843 Οἱ
1109 2804 1350 2856 ἀστρολόγοι
1385 2804 1430 2844 δὲ
1461 2805 1506 2851 ἕξ
1535 2805 1700 2857 ἁπάσης
1736 2809 1806 2856 τῆς

298 2860 460 2906 Ιταλίας
493 2862 711 2916 ἠλάθησαν
742 2862 810 2903 καὶ
844 2863 885 2903 οἳ
914 2862 1052 2906 αὐτοῖς
1083 2862 1374 2916 συγγενόμενοι
1408 2863 1708 2917 ἐκολάσθησαν.
