2090 3320
988 188 1044 231 39

399 326 576 375 Quibus
608 338 711 370 cum
746 326 897 370 verbis
945 324 1081 382 digna
1126 327 1235 369 sunt
1278 337 1395 381 quae
1440 326 1768 381 comparentur

258 395 414 441 Dionis
446 396 585 440 verba
618 395 692 439 LX
708 387 821 449 3l,6:
866 397 950 439 Kal
988 386 1066 451 γὰρ
1098 397 1202 451 καλὴ
1242 396 1292 452 ἦν
1326 397 1366 451 (ἡ
1394 396 1663 450 Ἀγριππῖνα)
1697 397 1767 437 καὶ

256 473 440 522 συνεχῶς
470 470 585 522 αὐτῷ
617 467 664 522 (ἰ.
699 480 737 511 e.
759 474 818 522 τῷ
849 468 1063 522 Κλαυδίῳ)
1096 469 1359 522 προςεφοίτα,
1391 468 1499 522 μόνη
1532 484 1572 509 τε
1605 468 1665 513 ὡς
1696 468 1767 508 καὶ

255 541 360 592 θείῳ
392 540 655 592 συνεγίγνετο,
688 539 757 580 καὶ
778 541 1093 593 τρυφερώτερον
1116 541 1140 592 ’ἢ
1162 540 1230 579 καὶ
1253 539 1454 592 ἀδελφιδῆ
1475 539 1767 591 προςεφέρετο,

397 606 575 655 Quibus
623 606 849 651 illecebris
887 606 1136 664 Agrippina
1181 611 1390 663 patruum
1440 607 1497 650 ad
1543 606 1766 650 incestum

256 676 488 735 pellexerit
531 690 748 730 amorem,
798 677 881 721 Dio
923 678 1010 720 alio
1050 678 1152 721 loco
1193 681 1347 721 narrat
1391 677 1638 734 (LXl113):
1688 678 1766 719 Τὸν

253 750 370 791 θεῖον
400 748 470 790 τὸν
501 748 712 790 Κλαύδιον
748 749 789 795 ἒς
821 750 955 803 ἔρωτα
988 750 1113 803 αὑτῆς
1149 753 1234 795 ταῖς
1271 765 1310 790 τε
1349 750 1548 804 γοητείαις
1579 749 1648 789 καὶ
1682 753 1766 794 ταῖς

251 821 488 864 ἀκολασίαις
518 820 587 859 καὶ
618 823 700 859 τῶν
730 820 980 873 βλεμμάτων
1019 821 1089 861 καὶ
1124 824 1208 860 τῶν
1239 821 1484 873 φιλημάτων
1519 821 1766 873 ὑπηγάγετο,

397 887 662 944 Reperimus
702 887 835 945 igitur
879 888 998 945 apud
1038 888 1124 932 hos
1168 891 1263 932 tres
1309 892 1525 932 auctores
1570 889 1762 932 eandem

254 972 347 1001 rem
381 957 553 1002 eisdem
586 958 682 1001 fere
715 957 924 1001 traditam
958 958 1120 1002 verbis.
1169 958 1473 1003 Consentiunt
1494 958 1551 1002 ad
1575 959 1761 1002 verbum

253 1029 438 1073 Tacitus
471 1032 516 1072 et
548 1028 796 1073 Suetonius
831 1027 1065 1072 Claudium
1107 1028 1360 1082 „illecebris
1394 1028 1670 1085 Agrippinae
1703 1029 1761 1072 ad

252 1113 454 1144 amorem
489 1099 726 1156 pellectum
760 1104 915 1154 esse“;
949 1103 1086 1155 atque
1109 1099 1191 1143 Dio
1225 1098 1265 1142 id
1299 1099 1540 1143 confirmat
1570 1099 1641 1143 his
1664 1112 1761 1143 ver-

253 1169 339 1213 bis:
385 1172 426 1216 εἷς
462 1171 589 1224 ἔρωὶα
627 1171 752 1224 αὗτῆς
787 1175 872 1216 ταῖς
911 1187 951 1211 τε
990 1173 1182 1224 γοηιείαις
1208 1204 1214 1210 .
1239 1204 1245 1211 .
1270 1204 1308 1210 ..
1353 1173 1595 1224 ὑπηγάγετο,
1641 1171 1760 1226 quod

251 1239 503 1283 secundum
526 1238 730 1282 Tacitum
755 1240 963 1295 perfecit:
999 1240 1158 1283 crebro
1185 1240 1242 1283 ad
1274 1253 1376 1283 eum
1404 1239 1666 1284 ventitando
1691 1267 1760 1292 —,

251 1323 368 1365 quae
419 1310 559 1353 verba
611 1309 679 1353 sic
723 1323 749 1353 a
804 1308 947 1368 Dione
995 1309 1037 1353 in
1092 1309 1317 1354 Graecum
1356 1311 1579 1355 translata
1632 1315 1760 1355 sunt:

250 1385 434 1435 συνεχῶς
464 1382 578 1434 αὐτῷ
608 1382 948 1434 προςεφοίτα·-
979 1382 1088 1435 μόνη
1121 1398 1161 1422 τε
1193 1383 1253 1427 ὡς
1274 1383 1343 1422 καὶ
1370 1384 1475 1435 ’θείῳ
1498 1384 1760 1435 σι’νεγίγνετο,

251 1451 396 1508 pergit
428 1449 630 1493 scribere
663 1449 760 1503 Dio,
808 1454 945 1507 atque
979 1450 1159 1495 brevius
1192 1450 1395 1495 Tacitus:
1445 1464 1525 1508 per
1556 1451 1759 1508 speciem

251 1520 616 1565 necessitudinis.
671 1521 841 1565 Eodem
876 1521 1071 1578 pertinet
1096 1521 1215 1577 quod
1249 1522 1367 1578 apud
1393 1521 1662 1567 Suetonium
1686 1525 1759 1565 est

249 1592 319 1636 ius
352 1593 611 1636 osculorem
646 1592 720 1648 (Cf.
756 1591 911 1636 Dionis
952 1592 1058 1636 illud
1098 1595 1332 1639 ἀκολασίαις
1362 1598 1445 1635 τῶν
1482 1592 1758 1648 φιλημάτιι)ν).

392 1662 661 1719 Priusquam
696 1665 847 1706 autem
881 1662 1210 1715 concludimus,
1251 1676 1368 1719 quae
1411 1676 1468 1706 ex
1505 1663 1576 1707 his
1608 1663 1758 1707 verbis

250 1734 528 1790 comparatis
582 1732 727 1790 colligi
776 1737 984 1789 possunt,
1045 1733 1295 1785 videamus,
1354 1733 1457 1790 quid
1505 1733 1758 1790 scriptores

249 1817 436 1847 narrare
488 1807 697 1860 pergant:
761 1803 887 1848 Satis
944 1804 1137 1847 verbose
1196 1803 1381 1847 Tacitus
1441 1804 1756 1860 quaestionem

251 1874 450 1919 habitam
485 1874 526 1917 in
561 1873 777 1926 Silanum,
827 1873 898 1930 qui
943 1873 1114 1919 Claudii
1146 1874 1282 1918 filiam
1323 1875 1543 1919 ducturus
1576 1874 1755 1920 videbaa

247 1949 333 1997 tur,
366 1947 505 1987 refert
538 1947 655 2000 (cap.
691 1944 754 1987 lll.
790 1944 885 1996 lV.).
951 1945 1084 1996 ldem,
1118 1945 1201 1988 sed
1236 1945 1385 1988 minus
1418 1945 1570 1988 multis
1603 1947 1754 1990 verbis

247 2014 381 2059 tradit
428 2015 508 2059 Dio
554 2014 645 2068 (LX
662 2015 784 2066 31‚7).
851 2014 1021 2059 Eadem
1069 2016 1297 2059 sententia
1345 2015 1531 2060 Tacitus
1579 2020 1624 2061 et
1671 2016 1759 2061 Dio

247 2087 335 2129 hoc
368 2089 505 2141 caput
536 2085 796 2127 absolvunt:
847 2084 1040 2142 Principi
1081 2099 1170 2129 non
1211 2086 1435 2138 iudicium,
1479 2100 1569 2130 non
1603 2088 1753 2131 odium

247 2160 346 2200 erat
378 2155 462 2199 nisi
496 2155 633 2198 indita
666 2158 711 2198 et
744 2154 884 2198 iussa.
919 2182 975 2186 —
1008 2155 1157 2212 Atque
1191 2156 1292 2200 Dio:
1325 2158 1447 2200 Οὕτω
1469 2164 1554 2205 ταῖς
1576 2161 1755 2213 γυναιξὶν

246 2229 270 2268 ὁ
300 2228 510 2272 Κλαύδιος
541 2227 807 2268 ἐδεδούλωτο.
841 2252 896 2257 -—
930 2226 1169 2271 Postremo
1202 2227 1411 2271 addimus
1434 2232 1629 2285 tempus,
1664 2243 1752 2286 quo

246 2296 430 2341 Silanus
464 2300 655 2341 mortem
695 2297 778 2340 sibi
822 2296 1107 2349 consciverit,
1153 2299 1272 2354 apud
1312 2298 1516 2342 Tacitum
1558 2303 1603 2343 et
1641 2299 1754 2344 Sue-

245 2368 417 2412 tonium
457 2367 615 2411 iisdem
660 2368 810 2411 verbis
847 2368 976 2412 tradi.
1040 2368 1144 2412 Tac.
1179 2368 1319 2412 X118:
1371 2369 1450 2412 Die
1494 2370 1753 2427 nuptiarum

246 2437 430 2483 Silanus
463 2443 652 2482 mortem
687 2439 770 2482 sibi
805 2438 1037 2483 conscivit.
1078 2466 1133 2470 ——-
1171 2438 1296 2483 Suet.
1334 2440 1490 2484 Claud.
1525 2442 1599 2484 29:
1642 2442 1753 2485 Mori

245 2511 438 2552 coactus
489 2512 561 2552 est
602 2508 672 2552 die
720 2510 820 2565 ipso
860 2509 1031 2553 Claudii
1069 2513 1114 2553 et
1158 2510 1435 2567 Agrippinae
1481 2511 1752 2567 nuptiarum.

245 2605 300 2610 ——
350 2578 457 2623 Dies
504 2581 669 2623 fatales
722 2579 911 2636 saepius
958 2581 1078 2637 apud
1129 2580 1399 2624 Suetonium
1453 2581 1528 2625 tali
1578 2581 1752 2625 ratione

243 2650 407 2694 allatos
440 2651 708 2707 reperimus:
757 2650 879 2695 Nero
912 2644 1082 2695 40'Die
1115 2651 1229 2708 ipso,
1264 2665 1351 2708 quo
1386 2656 1577 2696 matrem
1614 2651 1746 2696 inter-

244 2722 430 2766 fecerat.
463 2749 519 2753 —-
552 2722 674 2766 Nero
707 2723 763 2766 57
797 2722 891 2774 Die,
927 2736 1015 2779 quo
1049 2723 1276 2778 quondam
1311 2723 1550 2767 Octaviam
1590 2722 1750 2766 intere-

244 2795 400 2835 merat.
434 2818 489 2822 -—
523 2792 615 2836 Sed
648 2792 833 2836 Tacitus
867 2805 1046 2849 quoque
1084 2792 1246 2836 similia
1277 2793 1432 2845 tradit;
1477 2794 1538 2836 ita
1580 2797 1749 2845 autem,

243 2864 291 2904 ut
323 2861 466 2905 ironia
506 2862 605 2906 eius
643 2853 776 2906 facile
816 2863 1134 2921 perspiciatur:
1181 2864 1273 2907 XV.
1293 2865 1336 2907 41
1381 2868 1494 2917 extr,
1535 2863 1607 2906 ubi
1652 2863 1751 2907 sine
