2090 3320
1028 244 1091 308 20

310 380 470 446 {Taca
495 379 689 424 Vixdum
715 380 956 438 ingressus
985 380 1205 436 Illyricum
1234 380 1443 438 properis
1467 378 1627 423 matris
1653 378 1813 422 litteris

310 458 574 515 {Suet.:.ln
610 462 829 517 Illyricum
871 464 1108 518 profectus
1148 466 1234 507 est.
1283 462 1336 505 Et
1374 462 1527 505 statim
1562 474 1619 504 ex
1658 460 1815 504 itinere

308 542 519 611 [accitur
552 556 700 599 neque
733 543 850 587 satis
884 547 1168 600 compertum
1203 548 1275 588 est

305 612 591 677 {revocatus
625 624 713 666 iam
748 625 927 679 quidem
962 627 1193 676 affectum,
1228 626 1310 669 sed
1344 629 1494 667 tamen

304 704 339 748 T
365 707 375 739 ί
462 742 470 750 .
1142 711 1154 743 l
1181 722 1239 752 an
1264 706 1519 752 exanimem
1549 704 1813 763 reppererit.

362 740 373 806 ζ
401 746 652 797 spirantem
683 744 834 786 adhuc
858 743 1119 800 Augustum
1147 744 1161 810 ἱ(
1358 789 1366 796 ,

306 787 339 831 S
366 809 378 841 ι
1145 813 1155 844 ,
1186 792 1444 846 repperit.1)

446 871 651 913 Tacitum
702 871 922 914 Suetonio
979 873 1047 914 vel
1097 871 1366 914 Suetonium
1413 870 1569 914 Tacito
1627 874 1815 913 auctore

306 952 438 981 usum
468 952 575 982 esse
604 940 791 983 credere
820 953 908 983 non
939 931 1075 983 licets
1110 940 1225 983 Nam
1256 934 1494 984 amborum
1525 939 1621 983 libri
1652 938 1813 982 eodem

304 1011 401 1052 fere
435 1014 644 1066 tempore
678 1011 720 1052 in
755 1010 984 1066 publicum
1019 1011 1110 1053 dati
1144 1015 1274 1053 sunt:
1310 1011 1451 1054 Taciti
1485 1012 1676 1054 annales
1710 1014 1815 1066 post

305 1094 472 1123 annum
506 1081 585 1123 117.
650 1081 856 1125 Suetonii
891 1094 1022 1136 opus,
1067 1081 1186 1137 quod
1228 1080 1275 1125 C.
1311 1080 1511 1137 Septicio
1557 1080 1813 1124 dedicatum

305 1154 418 1201 erat,
453 1150 525 1206 qui
556 1163 677 1192 anno
708 1151 797 1201 120,
833 1151 1125 1206 praefectura
1150 1150 1363 1206 praetorii
1387 1151 1572 1193 functus
1605 1155 1689 1201 est,
1724 1150 1812 1192 hoc

304 1233 425 1262 anno
437 1221 484 1272 2).
537 1220 651 1263 Cum
676 1220 809 1276 igitur
833 1221 952 1275 apud
985 1222 1146 1263 ambos
1171 1220 1425 1275 scriptores
1455 1220 1614 1263 eadem
1639 1220 1812 1263 eisdem

304 1291 372 1333 vel
402 1289 624 1333 similibus
655 1289 807 1333 verbis
833 1293 1019 1333 narrata
1049 1289 1315 1341 invenimus,
1352 1289 1713 1333 concludendum
1744 1292 1815 1333 est

306 1373 388 1403 eos
429 1360 590 1403 eodem
632 1373 745 1403 usos
790 1372 898 1403 esse
945 1363 1149 1402 auctore.
1215 1359 1280 1402 De
1327 1359 1484 1411 Dione,
1534 1360 1698 1415 quippe
1742 1358 1814 1414 qui

305 1431 493 1474 saeculo
558 1433 663 1487 post
726 1431 812 1473 hos
867 1429 1114 1473 Historiam
1171 1430 1422 1474 Romanam
1476 1428 1714 1487 scripserit
1770 1432 1815 1472 et

307 1501 509 1552 ediderit,
560 1503 694 1557 paulo
744 1500 967 1544 difficilior
1017 1506 1089 1544 est
1138 1515 1227 1544 res.
1297 1501 1370 1545 »Si
1420 1501 1520 1557 quis
1573 1499 1813 1557 rogaverit,

307 1585 412 1614 num
448 1571 529 1615 Dio
569 1571 709 1615 Taciti
750 1571 873 1615 libris
914 1585 1027 1615 usus
1067 1571 1138 1624 sit,
1179 1572 1220 1615 id
1261 1573 1317 1615 ab
1357 1570 1568 1615 omnibus
1607 1574 1813 1626 negatur,

305 1641 377 1696 qui
427 1642 514 1683 hac
562 1642 617 1684 de
667 1653 715 1684 re
764 1640 964 1684 iudicare
1013 1641 1280 1697 possint.«3)
1351 1641 1467 1684 Num
1516 1654 1543 1683 a
1592 1639 1813 1684 Suetonio

306 1712 515 1766 pendeat,
557 1711 778 1754 incertum
820 1716 891 1755 est
931 1725 1078 1767 neque
1120 1713 1252 1768 plane
1296 1712 1450 1768 negari
1490 1715 1656 1767 potest.
1721 1710 1812 1753 Sed

306 1780 551 1838 praecipue
599 1780 723 1825 Plinii
775 1780 914 1825 libros
960 1782 1031 1838 qui
1078 1786 1209 1826 erant
1253 1781 1292 1825 A
1337 1782 1429 1826 fine
1473 1780 1635 1825 Aufidii
1681 1779 1813 1824 Bassi

305 1864 408 1894 eum
459 1851 780 1908 exscripsiSse,
846 1852 962 1896 inter
1010 1852 1124 1896 alios
1170 1852 1350 1896 Gercke
1408 1856 1452 1896 et
1496 1851 1812 1896 Christiansen

304 1924 626 1973 statuerunt4).
667 1948 721 1951 -—
761 1949 817 1952 ——
857 1922 1083 1969 Quoniam
1127 1923 1196 1965 his
1239 1924 1294 1966 de
1338 1924 1476 1965 rebus
1518 1935 1634 1978 quae
1678 1927 1812 1978 aptae

305 2005 413 2035 esse
446 1991 728 2043 videbantur,
764 1991 927 2047 quibus
958 1993 1164 2048 legentes
1193 1985 1379 2048 propius
1408 1992 1463 2035 ad
1493 2005 1587 2035 rem
1618 1993 1813 2035 adduce-

304 2074 473 2112 remus,
515 2061 631 2104 satis
672 2062 812 2104 multa
853 2061 1062 2113 diximus,
1105 2062 1192 2104 iam
1235 2065 1307 2105 est
1339 2063 1395 2104 ad
1430 2075 1525 2104 rem
1559 2061 1705 2118 ipsam
1740 2075 1812 2104 ac-

304 2132 573 2174 cedendum.
639 2131 828 2187 Singula
862 2131 980 2174 enim
1015 2131 1165 2187 capita
1198 2132 1268 2175 ΧΙ.
1303 2136 1348 2175 et
1380 2132 1469 2175 Xll.
1504 2131 1733 2175 annalium
1767 2132 1811 2175 li-

303 2203 502 2252 brorum,
553 2214 642 2258 quo
692 2201 807 2244 inter
852 2214 904 2245 se
951 2205 1206 2257 sequuntur
1251 2201 1422 2253 ordine,
1465 2205 1813 2258 perscrutantes

301 2272 630 2324 adhibebimus,
666 2286 782 2327 quae
816 2286 959 2328 supra
993 2272 1308 2328 exposuimus.

447 2750 474 2794 ¹)
503 2749 547 2786 cf.
573 2750 649 2786 Tac
677 2751 687 2785 1
716 2750 738 2785 6
764 2749 864 2786 Suet.
892 2750 972 2785 Tib.
1000 2751 1057 2793 22,
1086 2748 1220 2784 Claud.
1247 2750 1303 2785 29.

445 2810 473 2853 2)
502 2809 546 2845 cf.
574 2809 696 2846 Rothii
724 2809 810 2845 edit.
861 2809 961 2846 Suet.
989 2820 1074 2856 pag.
1106 2809 1165 2843 lx.

444 2868 472 2912 3)
500 2867 688 2903 Schwartz
714 2868 814 2913 apud
844 2868 1200 2915 Pauly—Wissowa
1227 2867 1299 2902 Vol
1326 2867 1372 2902 111
1402 2878 1487 2912 pag.
1517 2868 1618 2902 1714.

444 2927 473 2972 ⁴)
502 2925 545 2962 cf.
572 2937 650 2973 pag
673 2927 695 2961 4
721 2926 837 2963 adnot
862 2928 884 2962 2
911 2928 1062 2963 nostrae
1088 2925 1366 2973 disputationis.
