2090 3320
1066 227 1121 272 58

332 361 455 407 ribus
494 363 592 408 suis
632 364 947 418 iudicatarum,
995 378 1051 410 ac
1089 365 1127 409 si
1167 366 1265 423 ipse
1305 365 1558 410 statuisset.
1606 392 1663 397 —
1710 364 1842 415 Quae
1908 394 1910 396 >

330 435 469 476 verba
510 447 717 490 quaeque
758 438 1013 489 sequuntur
1055 448 1157 477 cum
1198 436 1388 491 primum
1430 436 1635 492 legimus,
1679 436 1735 478 de
1775 436 1840 478 Fr.

332 503 497 547 Leonis
530 503 838 560 disputatione
871 503 1174 561 cogitavimus
1205 505 1554 562 putavimusque
1586 518 1688 549 eum
1721 506 1842 550 hunc

331 586 510 628 quoque
544 574 693 616 locum
727 573 766 616 ei
801 574 911 617 libro
946 574 1266 617 attributurum
1301 588 1423 627 esse,
1469 588 1604 630 quem
1638 588 1690 618 se
1722 575 1841 618 inve·

330 642 455 688 nisse
489 646 630 700 putat.
684 643 892 700 Namque
924 647 1017 688 tam
1052 643 1212 689 similis
1237 644 1475 689 videbatur
1509 645 1690 698 ceteris,
1724 658 1840 702 quos

330 714 372 756 in
406 714 760 770 disputationem
795 718 943 758 vocat.
997 715 1090 759 Sed
1124 716 1222 772 ipse
1255 715 1297 758 id
1331 715 1402 758 hic
1426 715 1576 759 minus
1599 715 1841 759 verisimile

335 797 443 827 esse
491 783 598 827 dicit
643 785 764 841 (pag.
811 785 925 841 198);
989 785 1227 828 Materiam
1272 785 1389 828 enim
1433 785 1567 829 huius
1612 785 1842 829 relationis

328 854 532 898 Tacitum
581 855 681 898 sine
727 855 860 898 dubio
915 868 972 898 ex
1023 868 1109 898 sua
1163 855 1380 899 historiae
1432 855 1624 899 scientia
1677 858 1838 899 censet

328 924 602 980 sumpsisse.
641 950 697 955 -—
737 924 833 967 Nos
867 928 1018 967 autem
1052 937 1170 980 quae
1203 925 1275 968 hic
1309 928 1611 981 exponuntur,
1646 924 1840 969 indidem

329 994 468 1050 petita
502 1008 611 1039 esse
644 994 946 1046 affirmamus,
981 1008 1038 1038 ex
1070 1008 1159 1051 quo
1192 994 1367 1048 similia,
1402 1009 1519 1052 quae
1551 1009 1692 1052 supra
1726 998 1840 1039 attuae

329 1064 460 1107 limus
495 1065 570 1121 (cf.
605 1075 708 1121 pag.
741 1065 785 1107 31
822 1064 878 1107 de
911 1076 1098 1107 munere
1132 1064 1395 1119 quaestorio
1419 1065 1524 1108 Tac,
1548 1065 1703 1117 X122;
1738 1076 1840 1122 pag.

328 1135 384 1178 48
417 1135 473 1178 de
507 1135 708 1190 pomerio
742 1134 927 1188 X1124).
993 1134 1057 1177 De
1091 1134 1187 1177 iure
1220 1138 1569 1190 procuratorum
1604 1134 1839 1179 Claudium

329 1205 578 1262 longiorem
613 1204 655 1248 in
689 1208 855 1249 senatu
895 1205 1114 1248 habuisse
1153 1204 1405 1248 orationem
1447 1207 1674 1261 putamus,
1720 1217 1840 1248 eamr

328 1288 414 1330 que
447 1275 652 1319 Tacitum
699 1275 758 1318 ita
791 1276 988 1327 tradere,
1035 1279 1083 1319 ut
1124 1274 1415 1318 manifestum
1453 1274 1535 1318 fiat
1574 1288 1630 1319 ex
1671 1275 1839 1331 optimo

327 1344 588 1388 testimonio
621 1348 852 1401 sumptam
887 1358 1009 1388 esse.
1075 1344 1132 1388 Ut
1172 1344 1389 1388 Claudius
1427 1344 1561 1388 ΧΙ22
1601 1344 1838 1388 historiam

327 1415 530 1459 muneris
552 1414 801 1471 quaestorii
829 1416 897 1459 vel
922 1415 996 1458 ΧΗ
1018 1416 1074 1458 24
1106 1414 1343 1459 historiam
1376 1414 1560 1471 pomerii
1595 1414 1780 1471 exponit
1793 1414 1838 1470 ¹),

327 1486 387 1529 ita
420 1485 492 1529 hic
537 1485 579 1528 in
619 1489 785 1529 senatu
827 1486 882 1528 de
923 1499 1112 1529 munere
1152 1488 1500 1541 procuratorum
1541 1487 1679 1530 verba
1717 1485 1838 1548 iacit,

328 1556 555 1611 quomodo
596 1556 826 1598 excultum
866 1555 926 1598 sit
974 1568 1031 1598 ex
1071 1554 1383 1598 Gracchorum
1402 1554 1434 1610 2)
1476 1568 1620 1611 usque
1659 1555 1716 1598 ad
1753 1568 1840 1598 sua

328 1630 548 1682 tempora.
603 1625 754 1673 Quem
789 1625 922 1682 igitur
957 1624 1108 1681 potius
1142 1624 1386 1668 credamus
1410 1638 1545 1680 quam
1579 1628 1683 1669 acta
1707 1638 1839 1669 sena-

328 1700 403 1739 tus
434 1699 600 1739 testem
634 1695 809 1739 fuisse?
857 1695 990 1743 Quod
1025 1695 1140 1738 bene
1174 1694 1392 1747 firmatur,
1427 1695 1465 1738 si
1499 1708 1837 1751 comparamus,

329 1779 444 1822 quae
478 1770 734 1823 sequuntur
767 1778 855 1810 res.

471 1837 653 1881 Rettulit
686 1836 787 1879 dein
834 1837 889 1880 de
930 1836 1212 1879 immunitate
1257 1835 1364 1880 Cois
1403 1836 1642 1880 tribuenda
1660 1837 1691 1891 3)
1731 1837 1839 1879 mul-

327 1911 464 1963 taque
499 1920 638 1963 super
670 1906 937 1962 antiquitate
971 1919 1130 1951 eorum
1166 1906 1444 1950 memoravit.
1489 1933 1544 1937 —-
1585 1907 1732 1963 Atque
1772 1919 1838 1951 re-

236 2006 246 2017 .
327 1990 436 2020 vera
471 1976 669 2033 scriptor
702 1976 1025 2032 imperatorem
1059 1980 1126 2019 tot
1159 1989 1234 2019 res
1268 1980 1598 2019 memorantem
1631 1975 1752 2028 facit,
1793 1980 1840 2019 ut

326 2048 395 2090 vel
430 2060 486 2090 ea
520 2060 577 2090 ex
611 2060 659 2089 re
705 2046 992 2101 intellegatur
1031 2059 1132 2089 eum
1178 2046 1430 2089 orationem
1470 2045 1615 2089 oculis
1656 2046 1838 2089 vidisse.

329 2117 458 2159 Haec
491 2117 631 2159 verba
667 2114 840 2159 Claudii
886 2114 1031 2171 ipsius
1072 2127 1180 2157 esse
1223 2114 1479 2171 Nipperdey
1518 2128 1697 2172 quoque
1733 2127 1838 2158 con-

327 2187 445 2230 cedit
490 2186 561 2229 his
606 2185 759 2229 verbis
803 2185 959 2238 (xllol
1009 2185 1207 2236 adnot.):·
1260 2184 1475 2227 Claudius
1526 2198 1628 2227 cum
1673 2185 1838 2242 gaudio

326 2256 530 2302 notitiam
575 2269 708 2300 suam
762 2253 1079 2312 antiquitatum
1127 2254 1391 2300 ostentabat
1436 2255 1509 2312 (cf.
1554 2268 1655 2314 pag.
1698 2256 1754 2300 28
1771 2256 1839 2312 2)),

324 2328 422 2371 Nec
455 2341 562 2371 vero
596 2328 745 2370 solum
782 2325 969 2376 Claudii,
1015 2325 1098 2367 sed
1139 2324 1273 2367 etiam
1315 2325 1632 2380 Byzantiorum
1674 2328 1838 2370 oratio‘

326 2412 428 2442 nem
465 2398 506 2442 in
552 2397 713 2441 eodem
762 2399 927 2440 senatu
974 2394 1174 2439 habitam
1222 2395 1355 2439 tradit
1399 2396 1585 2452 perinde
1628 2397 1837 2441 verbose.

328 2468 460 2512 Nulla
494 2465 705 2511 transitio
739 2469 811 2509 est
844 2479 900 2509 ex
925 2464 1097 2509 Claudii
1131 2465 1186 2507 ad
1211 2455 1366 2508 eorum
1390 2465 1641 2510 orationem
1667 2467 1838 2523 (quam-

325 2552 458 2594 quam
514 2551 802 2593 nequaquam
853 2549 1008 2579 eorum
1053 2539 1189 2578 antea
1239 2535 1326 2577 ulla
1372 2536 1537 2580 mentio
1582 2537 1704 2581 facta
1749 2538 1838 2594 est)

323 2608 407 2650 nisi
442 2609 578 2651 haec:
614 2608 674 2650 At
709 2606 912 2662 Byzantii
948 2606 1053 2649 data
1090 2604 1266 2648 dicendi
1306 2605 1437 2661 copia
1462 2640 1605 2649 .....
1646 2620 1837 2663 quorum

469 2725 496 2769 ¹)
526 2725 714 2770 imprimis
742 2725 790 2760 de
818 2724 989 2760 oratione
1019 2722 1263 2769 Lugdunensi
1291 2723 1401 2757 >4124
1427 2723 1669 2769 cogitandum
1698 2727 1765 2760 est.

467 2783 495 2828 2)
526 2783 667 2819 Eadem
696 2783 756 2819 lex
783 2782 1008 2829 Sempronia
1035 2782 1163 2817 Xll24
1192 2784 1510 2818 commemoratur
1536 2783 1573 2829 (a
1600 2782 1791 2828 Claudio).

467 2843 495 2886 3)
524 2842 729 2878 Suetonius
765 2842 812 2877 de
856 2841 1092 2877 immunitate
1130 2840 1320 2876 iliensium
1361 2842 1398 2876 et
1434 2840 1666 2878 Rhodiorum
1712 2842 1837 2877 multis

325 2900 482 2948 exponit
500 2892 630 2946 (Nero
657 2900 707 2945 7),
734 2900 782 2936 de
808 2899 901 2936 Cois
928 2899 1018 2935 nihil
1045 2899 1142 2935 dicit.
